1597 2568
621 159 669 183 lv.
705 149 840 184 ll—x’.
878 149 934 185 13.
1390 151 1436 186 27

113 263 280 302 possum,
301 250 343 288 in
362 263 407 288 eo
427 263 581 300 quoque
601 250 814 295 elaborare,
836 256 881 288 ut
900 253 980 289 sint
999 266 1126 302 opera,
1148 253 1287 298 studio,
1310 253 1439 289 laboro

113 325 198 351 meo
221 312 412 350 doctiores
438 313 541 362 cives
570 310 660 359 mei,
691 325 760 350 nec
786 326 873 349 cum
902 314 987 350 istis
1015 319 1222 363 tantopere
1252 328 1438 364 pugnare.

111 373 181 423 qui
199 373 353 410 Graeca
370 373 497 423 legere.
518 372 674 420 malint,
691 373 804 410 modo
824 374 961 423 legant
981 374 1047 411 illa
1067 375 1161 424 ipsa,
1180 387 1227 411 ne
1242 375 1438 413 simulent.

112 439 155 473 et
182 434 229 471 iis
257 434 417 482 servire,
448 435 516 484 qui
545 434 606 471 vel
623 419 824 504 ἓξὲξ-311118
852 436 1005 472 *litteris
1042 437 1100 472 uti
1139 436 1261 473 velint
1300 436 1371 481 vel,
1410 438 1438 472 si

111 508 205 534 suas
232 495 406 542 habent,
440 476 645 532 illasxffdn
671 486 922 546 xmagnopere
959 497 1190 534 desiderent.
1266 498 1323 535 ll.
1364 497 1440 542 Qui

113 561 249 595 autem
268 557 349 595 alia
378 544 537 594 mal'ffit
564 557 680 595 scribi
709 571 732 594 a
752 559 875 604 nobis,
905 559 1021 608 aequi
1049 571 1130 595 esse
1159 559 1313 605 debent,
1340 559 1440 609 quod

112 624 154 658 et
181 619 328 670 scripta
361 620 489 656 multa
523 623 629 666 sunt,
662 620 715 656 sic
753 624 799 657 ut
830 621 945 670 plura
983 622 1130 657 nemini
1169 637 1189 657 e
1219 622 1373 665 nostris,
1403 626 1442 657 et

112 682 336 719 scribentur
354 681 536 728 fortasse,
567 674 696 730 plura,
717 682 749 718 si
780 682 863 718 vita
894 686 1102 732 ¹suppetet3
1131 687 1170 719 et
1199 688 1346 728 tamen,
1376 683 1442 732 qui

112 743 325 794 diligenter
361 743 468 791 haec,
508 757 609 794 quae
645 744 692 781 de
730 744 977 794 philosophia
1013 744 1159 781 litteris
1197 744 1441 788 mandamns,

112 805 242 856 legere
277 808 506 852 assueverit,
545 806 736 843 iudicabit
773 806 885 843 nulla
923 806 971 843 ad
1011 806 1218 855 legendum
1258 805 1318 842 his
1363 819 1444 842 esse

112 867 279 917 potiora.
347 856 450 913 Quid
487 866 689 905 est'enim
728 868 770 905 in
807 868 891 905 vita
929 872 1138 917 tantopere
1175 867 1442 917 quaerendum

112 941 234 979 quam
261 942 351 967 oum
379 931 512 967 omnia
545 931 587 968 in
621 930 880 980 philosophia,
912 934 997 967 tum
1033 931 1081 976 id,
1114 930 1215 979 quod
1245 930 1304 966 his
1337 929 1445 966 libris

112 978 334 1042 quaeritur,
355 992 423 1041 qui
439 992 504 1029 ‘sit
524 992 624 1040 finis,
654 990 749 1042 quid
777 996 1011 1036 extremum,
1031 991 1124 1041 quid
1152 991 1348 1037 ultimum,
1370 1004 1446 1039 quo

113 1053 195 1090 sint
213 1053 348 1090 omnia
366 1053 464 1091 bene
480 1054 639 1090 vivendi
658 1058 842 1103 recteque
862 1054 1029 1091 faciendi
1049 1053 1210 1091 consilia
1227 1052 1444 1098 referenda,

112 1114 210 1165 quid
245 1120 434 1164 sequatur
471 1120 619 1152 natura
658 1121 703 1152 ut
736 1128 933 1152 summum
972 1128 1021 1152 ex
1057 1116 1173 1152 rebus
1207 1114 1445 1163 expetendis,

114 1175 210 1225 quid
239 1175 371 1226 fugiat
402 1180 450 1213 ut
479 1181 702 1214 extremum
733 1177 954 1214 malorum?
1011 1176 1099 1221 Qua
1129 1176 1175 1212 de
1209 1188 1250 1212 re
1278 1188 1364 1212 cum
1396 1175 1447 1211 sit

100 1237 221 1274 inter
248 1236 352 1274 docti
395 1237 402 1245 ‘
448 1250 490 1273 os
509 1250 666 1274 summa
685 1237 883 1283 dissensio,
905 1237 993 1286 quis
1021 1237 1195 1273 alienum
1226 1241 1340 1286 putet
1365 1236 1448 1272 eius

114 1309 196 1335 esse
224 1297 412 1348 dignitati
473 1311 594 1348 quam
624 1298 721 1335 mihi
750 1299 917 1347 quisque
949 1298 1116 1342 tribuat,
1149 1298 1243 1346 quid
1272 1297 1312 1334 in
1340 1296 1447 1333 omni

115 1359 406 1411 mgnerefitae
433 1360 628 1409 optimum
658 1363 699 1396 et
728 1359 973 1396 verissimum
1003 1358 1067 1403 sit,
1094 1358 1327 1408 exquirere?
1387 1357 1445 1394 12.

115 1421 197 1467 An,
227 1422 370 1470 partus
400 1421 566 1458 ancillae
598 1421 702 1458 sitne
739 1421 781 1457 in
819 1420 954 1457 fructu
987 1419 1201 1465 habendus,
1235 1419 1449 1456 disseretur

116 1481 223 1525 inter
251 1481 448 1531 principes
480 1481 666 1528 ci'vitatis,
701 1481 745 1518 P.
780 1481 1019 1528 Scaevolam,
1048 1480 1195 1530 M'.que
1222 1480 1446 1523 Manilium,

116 1545 170 1582 ab
196 1545 323 1595 iisque
347 1545 403 1583 M.
426 1546 579 1583 Brutus
605 1546 811 1583 dissentiet
834 1545 954 1596 (quod
980 1549 1022 1582 et
1049 1550 1209 1582 acutum
1240 1558 1363 1594 genus
1390 1549 1450 1582 est

116 1611 159 1644 et
186 1606 236 1644 ad
255 1619 351 1644 usus
368 1607 513 1644 civium
534 1620 613 1644 non
634 1607 788 1654 inutile,
810 1619 956 1656 nosque
981 1619 1027 1643 ea
1047 1607 1192 1656 scripta
1220 1607 1449 1655 reliquaque

117 1667 290 1706 eiusdem
328 1670 484 1718 generis
515 1674 556 1706 et
594 1669 762 1718 legimus
801 1669 971 1706 libenter
1003 1672 1044 1705 et
1082 1668 1298 1718 legemus);
1341 1668 1446 1714 haec,

117 1741 220 1778 quae
246 1729 372 1767 vitam
399 1743 556 1768 omnem
575 1730 798 1777 continent,
820 1730 1108 1780 neglegentur?
1163 1730 1283 1776 Nam,
1304 1735 1350 1766 ut
1369 1729 1450 1765 sint

117 1790 187 1828 illa
214 1790 486 1838 vendibiliora,
507 1791 604 1829 haec
631 1791 812 1829 uberiora
839 1797 944 1829 certe
970 1795 1074 1828 sunt.
1133 1791 1380 1840 Quamquam
1411 1790 1448 1827 id

116 1852 278 1902 quidem
297 1852 431 1890 licebit
449 1853 496 1889 iis
515 1844 754 1900 existimare,
775 1854 843 1902 qui
864 1852 1041 1903 legerint.
1090 1851 1173 1888 Nos
1193 1857 1326 1888 autem
1347 1852 1448 1888 hanc

115 1926 274 1952 omnem
302 1914 572 1963 quaestionem
602 1914 649 1952 de
677 1915 824 1951 finibus
853 1915 1043 1951 bonorum
1077 1918 1118 1950 et
1148 1913 1339 1950 malorum
1368 1912 1449 1949 fere

115 1988 142 2014 a
167 1975 280 2013 nobis
306 1975 543 2025 explicatam
572 1987 655 2013 esse
683 1976 745 2012 his
772 1976 920 2013 litteris
948 1975 1205 2019 arbitramur,
1226 1975 1267 2010 in
1295 1974 1446 2023 quibus,

118 2040 316 2087 quantum
344 2022 556 2086 pofflimus,
586 2049 667 2074 non
694 2034 808 2074 modo
836 2037 932 2086 quid
969 2036 1081 2072 nobis
1109 2036 1355 2085 probaretur,
1384 2034 1447 2071 sed

116 2098 240 2136 etiam
265 2098 363 2148 quid
382 2111 406 2135 a
425 2098 591 2148 singulis
610 2098 878 2148 philosophiae
898 2097 1113 2147 disciplinis
1140 2097 1346 2142 diceretur,
1367 2109 1447 2145 per-

118 2163 245 2201 secuti
262 2174 410 2205 sumus,

172 2266 226 2304 V.
276 2267 337 2305 13.
367 2266 430 2304 Ut
449 2271 584 2305 autem
604 2279 629 2304 a
654 2266 853 2304 facillimis
872 2266 1082 2311 ordiamur,
1104 2266 1233 2314 prima
1253 2263 1389 2301 veniat
1408 2263 1448 2299 in

120 2327 293 2367 medium
313 2329 475 2379 Epicuri
502 2328 617 2376 ratio,
638 2340 740 2378 quae
768 2327 963 2377 plerisque
991 2326 1195 2363 notissima
1215 2329 1298 2367 est;
1327 2336 1445 2373 quam
