1617 2568
132 159 180 196 36
567 167 710 194 clcho
741 168 793 193 DE
823 168 983 194 F1N113cs
1014 169 1040 193 1.

127 263 354 312 importuno
373 266 536 310 tamque
565 260 712 297 crudeli
728 274 737 307 3
767 261 839 306 sin,
861 264 906 296 ut
935 260 1064 297 dolore
1084 273 1152 297 suo
1172 261 1344 297 sanciret
1363 260 1464 298 mili-

127 325 226 361 taris
253 324 407 374 imperii
437 323 683 373 disciplinam
711 323 1005 372 exercitumque
1034 323 1075 360 in
1103 323 1335 373 gravissimo
1364 322 1465 360 bello

127 385 475 422 animadversionis
508 388 618 420 metu
651 383 883 430 contineret,
915 384 1034 420 saluti
1073 383 1274 433 prospexit
1305 383 1464 430 civium,

126 460 204 495 qua
226 446 483 496 intellegebat
503 445 697 482 contineri
717 457 841 482 suam.
900 445 960 482 36,
990 446 1127 494 Atque
1146 444 1243 481 haec
1262 444 1367 481 ratio
1385 444 1468 481 late

126 513 248 558 patet.
308 509 359 545 In
390 521 468 557 quo
499 507 603 544 enim
637 507 808 543 maxime
841 507 1047 543 consuevit
1081 507 1230 543 iactare
1262 509 1396 543 vestra
1427 519 1468 544 se

126 570 263 616 oratio,
301 574 374 607 tua
410 569 656 619 praesertim,
695 568 764 617 qui
801 568 971 605 studiose
1009 570 1176 618 antiqua
1209 559 1477 618 persequeris,⁵

125 632 240 668 claris
260 635 300 668 et
327 631 498 668 fortibus
517 630 611 667 viris
639 630 991 666 commemorandis
1019 643 1231 679 eorumque
1251 629 1368 667 factis
1386 643 1466 667 non

126 694 392 730 emolumento
421 693 565 742 aliquo,
586 693 653 729 sed
680 693 802 741 ipsius
829 692 1050 729 honestatis
1079 693 1215 729 decore
1242 692 1465 739 laudandis,

125 756 165 793 id
185 759 314 792 totum
334 755 530 792 evertitur
549 767 594 791 eo
614 753 760 790 dilectu
779 766 924 800 rerum,
941 766 1058 802 quem
1079 754 1192 791 modo
1212 754 1304 800 dixi,
1324 753 1467 791 consti-

125 821 226 863 tuto,
256 821 302 854 ut
335 821 408 854 aut
444 817 666 866 voluptates
703 816 945 852 omittantur
977 816 1171 852 maiorum
1213 816 1466 865 voluptatum

124 879 465 928 adipiscendarum
511 890 629 915 causa
667 881 739 913 aut
778 877 929 914 dolores
966 878 1232 926 suscipiantur
1270 878 1465 915 maiorum

123 940 301 977 dolorum
329 940 639 990 effugiendorum
669 940 812 989 gratia.

175 1037 253 1073 XI.
313 1036 372 1073 37.
405 1035 480 1072 Sed
507 1035 554 1072 de
581 1036 777 1072 clarorum
806 1034 1011 1071 hominum
1040 1033 1158 1071 factis
1185 1034 1405 1072 illustribus
1425 1037 1466 1070 et

121 1099 297 1149 gloriosis
330 1098 425 1135 satis
453 1097 525 1134 hoc
553 1097 635 1134 loco
663 1097 809 1133 dictum
841 1094 903 1133 sit.
961 1096 1052 1133 Erit
1079 1097 1185 1133 enim
1213 1097 1293 1132 iam
1322 1095 1369 1132 de
1387 1108 1465 1132 om-

126 1161 238 1197 nium
271 1161 470 1196 virtutum
509 1172 626 1196 cursu
659 1159 710 1195 ad
747 1159 995 1207 voluptatem
1034 1159 1216 1208 proprius
1253 1157 1467 1196 disserendi

124 1223 240 1259 locus.
297 1222 416 1258 Nunc
445 1225 578 1258 autem
597 1221 810 1269 explicabo,
831 1220 1016 1270 voluptas
1034 1222 1117 1269 ipsa
1138 1233 1241 1270 quae
1260 1220 1466 1270 qualisque

120 1287 185 1331 sit,
206 1288 253 1321 ut
271 1283 439 1320 tollatur
458 1296 569 1320 error
597 1283 724 1320 omnis
743 1283 1016 1332 imperitorum
1035 1283 1384 1332 intellegaturque,
1404 1294 1465 1328 ea,

121 1358 221 1394 quae
248 1345 485 1394 voluptaria,
515 1345 852 1391 delicatafmollis
880 1345 1078 1382 habeatur
1105 1344 1322 1394 disciplina,
1342 1356 1464 1393 quam

123 1407 268 1457 gravis,
288 1420 410 1456 quam
440 1407 660 1452 continens,
681 1419 801 1456 quam
831 1419 967 1443 severa
994 1407 1059 1443 sit.
1116 1406 1210 1442 Non
1238 1406 1343 1443 enim
1361 1405 1466 1442 hanc

120 1469 244 1506 solam
263 1469 475 1518 sequimur,
497 1481 599 1518 quae
617 1469 818 1505 suavitate
835 1468 966 1516 aliqua
982 1472 1172 1505 naturam
1187 1468 1314 1517 ipsam
1332 1471 1465 1505 movet

122 1535 163 1568 et
191 1544 279 1568 cum
307 1530 555 1567 iucunditate
588 1530 760 1579 quadam
789 1530 1008 1578 percipitur
1035 1530 1225 1576 sensibus,
1246 1529 1313 1566 sed
1340 1528 1465 1566 maxi-

122 1606 229 1629 mam
249 1591 494 1641 voluptatem
509 1591 619 1628 iliam
634 1592 837 1637 habemus,
859 1603 963 1640 quae
978 1591 1196 1641 percipitur
1210 1590 1318 1628 omni
1332 1590 1465 1628 dolore

122 1654 311 1690 detracto.
368 1652 477 1689 Nam
505 1653 703 1701 quoniam,
724 1666 813 1689 cum
832 1653 1038 1701 privamur
1056 1652 1199 1699 dolore,
1218 1653 1305 1702 ipsa
1323 1652 1463 1689 libera-

123 1715 231 1752 tione
249 1719 290 1751 et
318 1715 522 1751 vacuitate
550 1715 678 1751 omnis
706 1714 909 1751 molestiae
936 1714 1166 1763 gaudemus,
1186 1726 1302 1751 omne
1328 1718 1464 1751 autem

121 1777 173 1824 id,
194 1790 270 1827 quo
302 1777 531 1827 gaudemus,
559 1778 745 1826 voluptas
777 1782 849 1823 est,
879 1782 926 1814 ut
959 1790 1086 1823 omne,
1107 1790 1184 1826 quo
1213 1776 1462 1822 offendimur,

122 1839 242 1885 dolor,
262 1839 404 1876 doloris
432 1839 558 1876 omnis
591 1839 762 1888 privatio
795 1842 902 1875 recte
935 1838 1142 1875 nominata
1174 1841 1235 1875 est
1267 1837 1460 1887 voluptas.

123 1901 186 1938 Ut
205 1903 324 1946 em‘m,
345 1913 434 1937 cum
466 1901 551 1937 cibo
583 1904 624 1937 et
654 1900 811 1949 potione
842 1900 970 1936 fames
1001 1899 1164 1949 sitisque
1193 1899 1357 1948 depulsa
1388 1903 1461 1945 est,

123 1964 208 2012 ipsa
229 1962 424 1999 detractio
443 1962 648 1999 molestiae
676 1962 989 1998 consecutionem
1018 1961 1133 1998 affert
1160 1960 1389 2011 voluptatis,
1408 1962 1463 1999 sic

124 2025 167 2061 in
197 2025 304 2061 omni
335 2036 378 2060 re
410 2024 550 2060 doloris
583 2024 729 2060 amotio
759 2023 1037 2060 successionem
1080 2023 1198 2060 efficit
1229 2023 1458 2072 voluptatis.

95 2121 100 2125 ,
127 2088 187 2123 38.
218 2087 364 2135 Itaque
383 2099 463 2122 non
481 2085 633 2135 placuit
653 2085 824 2135 Epicuro
843 2085 1015 2122 medium
1034 2098 1116 2122 esse
1143 2085 1330 2134 quiddam
1357 2085 1464 2123 inter

125 2149 296 2186 dolorem
315 2152 356 2185 et
375 2148 646 2196 voluptatem,
674 2147 773 2184 illud
801 2147 907 2184 enim
934 2147 1076 2196 ipsum,
1095 2147 1198 2196 quod
1226 2146 1462 2196 quibusdam

127 2210 298 2247 medium
318 2209 598 2257 videtur,„cum
626 2209 733 2246 omni
762 2209 893 2246 dolore
911 2212 1074 2255 careret,
1095 2222 1175 2246 non
1194 2208 1307 2246 modo
1325 2209 1461 2258 volup-

126 2277 253 2309 tatem
287 2285 379 2318 esse,
407 2263 554 2308 verum'
579 2272 701 2308 etiam
732 2284 930 2308 summam
962 2272 1221 2320 voluptatem.
1278 2270 1464 2320 Quisquis

125 2336 231 2372 enim
251 2335 386 2381 sentit,
406 2347 523 2383 quem
553 2334 603 2370 ad
632 2333 791 2370 modum
820 2334 873 2370 sit
905 2334 1080 2379 affectus,
1102 2345 1191 2370 eum
1220 2340 1375 2370 necesse
1401 2334 1461 2369 est
