1597 2568
685 197 718 223 x.
752 187 814 225 34.
846 188 906 223 35.
1411 190 1460 224 :35

134 290 399 339 praesentium
421 288 669 338 voluptatum
690 288 851 324 deleniti
867 294 987 337 atque
1000 291 1185 339 corrupti,
1199 304 1294 339 qnos
1314 292 1462 328 dolores·

133 355 174 387 et
202 364 299 400 quas
333 350 530 387 molestias
560 349 761 398 excepturi
792 350 884 394 sint,
915 351 1105 387 occaecati
1132 352 1350 400 cupiditate
1384 367 1460 389 non

134 412 352 462 provident,
389 411 584 460 similique
633 415 728 446 sunt
766 410 805 446 in
843 411 972 459 culpa,
1010 412 1076 460 qui
1115 413 1239 449 officia
1276 413 1462 450 deserunt

132 473 298 511 mollitia
317 473 452 518 animi,
473 472 511 508 id
539 475 599 508 est
628 471 806 508 laborum
827 476 867 508 et
886 472 1062 509 dolorum
1083 474 1189 523 fuga.
1250 475 1300 511 Et
1320 475 1461 511 harum

132 535 287 585 quidem
307 547 437 571 rerum
458 533 584 570 facilis
603 537 662 569 est
681 537 722 569 et
741 533 923 582 expedita,
943 534 1155 571 distinctio.
1217 536 1320 572 Nam
1343 536 1462 573 libero

131 602 318 646 tempore,
337 608 424 632 cum
454 594 583 631 soluta
612 594 723 630 nobis
750 599 810 631 est
837 595 1004 644 eligendi
1032 596 1149 644 optio,
1170 610 1336 645 cumque
1364 597 1461 634 nihil

132 657 306 708 impedit,
320 670 398 706 quo
413 657 542 693 minus
556 655 606 700 id,
623 655 725 704 quod
742 656 911 693 maxime
931 657 1097 706 placeat,
1112 657 1240 694 facere
1260 659 1460 708 possimus,

131 720 259 757 omnis
293 719 475 768 voluptas
510 717 745 754 assumenda
783 723 854 763 est,
892 718 1019 755 omnis
1056 719 1164 756 dolor
1201 719 1461 769 depellendus.

130 780 386 830 Temporibus
423 784 557 817 autem
595 779 831 828 quibusdam
869 784 909 815 et
946 784 1017 816 aut
1050 781 1182 817 officiis
1214 781 1356 817 debitis
1388 784 1461 817 aut

130 853 261 878 rerum
292 841 589 878 necessitatibus
618 853 734 889 saepe
763 841 928 886 eveniet,
952 845 996 877 ut
1028 845 1068 877 et
1101 841 1322 890 voluptates
1352 855 1463 891 repu-

128 902 300 940 diandae
330 902 412 939 sint
441 907 481 939 et
511 902 711 939 molestiae
745 915 823 938 non
849 902 1097 939 recusandae.
1154 902 1297 952 Itaque
1325 917 1460 940 earum

129 976 262 1001 rerum
295 964 359 1000 hic
391 968 552 1001 tenettu·
584 978 608 1000 a
641 964 819 1012 sapiente
859 963 1035 1010 dilectus,
1068 967 1114 1000 ut
1146 968 1218 1000 aut
1262 965 1462 1002 reiciendis

129 1025 402 1076 voluptatibus
440 1026 606 1062 maiores
653 1025 749 1061 alias
795 1029 1059 1074 consequatur
1104 1029 1176 1062 aut
1222 1026 1462 1076 preferendis

127 1087 323 1126 doloribus
350 1087 567 1137 asperiores
608 1086 787 1137 repellat.
845 1087 907 1123 34.
939 1087 1056 1123 Hanc
1088 1100 1159 1137 ego
1187 1100 1275 1124 cum
1304 1092 1459 1124 teneam

127 1151 381 1195 sententiam,
414 1150 510 1199 quid
543 1154 602 1186 est
634 1163 704 1186 cur
736 1161 886 1195 verear,
918 1161 968 1185 ne
1006 1149 1055 1185 ad
1090 1161 1176 1186 eam
1210 1162 1289 1187 non
1320 1151 1458 1200 possim

129 1212 418 1249 accommodare
445 1211 663 1260 Torquatos
692 1212 872 1248 nostros‘l
903 1223 999 1260 quos
1027 1215 1071 1247 tu
1102 1211 1220 1260 paulo
1248 1216 1342 1248 ante
1371 1225 1459 1247 cum

129 1274 366 1320 memoriter,
386 1277 473 1310 tum
492 1273 615 1310 etiam
643 1285 738 1322 erga
767 1285 836 1309 nos
864 1273 987 1309 amice
1005 1277 1046 1309 et
1065 1273 1241 1310 benivole
1259 1273 1459 1322 collegisti,

130 1348 201 1373 nec
234 1348 297 1372 me
327 1339 460 1372 tamen
499 1334 711 1372 laudandis
751 1334 966 1371 maioribus
1008 1335 1103 1371 meis
1134 1335 1354 1385 corrupisti,
1388 1348 1459 1372 nec

128 1397 346 1447 segniorem
396 1397 447 1434 ad
495 1396 806 1446 respondendum
855 1395 1069 1433 reddidisti.
1139 1396 1313 1441 Quorum
1352 1397 1459 1433 facta

127 1471 243 1508 quem
272 1458 322 1495 ad
349 1458 519 1503 modum,
548 1470 704 1507 quaeso,
732 1458 1030 1506 interpretaris?
1085 1457 1213 1495 Sicine
1241 1471 1304 1496 eos
1331 1471 1461 1496 censes

127 1523 201 1557 aut
232 1520 274 1558 in
306 1524 507 1557 armatum
540 1519 692 1557 hostem
730 1520 922 1568 impetum
960 1519 1095 1557 fecisse
1132 1524 1204 1557 aut
1240 1521 1282 1558 in
1319 1521 1459 1558 liberos

128 1586 249 1632 atque
276 1582 318 1619 in
345 1583 578 1632 sanguinem
611 1594 726 1618 suum
754 1585 838 1618 tam
866 1581 1033 1618 crudelis
1060 1582 1190 1628 fuisse,
1211 1582 1310 1619 m‘hil
1338 1588 1384 1620 ut
1412 1584 1460 1621 de

128 1645 385 1691 utilitatibus,
407 1644 505 1681 nihil
532 1649 584 1681 >ut
613 1644 660 1681 de
689 1643 898 1681 commodis
926 1644 1007 1681 suis
1035 1644 1278 1693 cogitarent?
1333 1646 1392 1681 At
1419 1646 1459 1683 id

128 1721 178 1746 ne
204 1707 314 1744 ferae
341 1707 497 1756 quidem
528 1706 694 1752 faciunt,
720 1710 770 1742 ut
799 1706 856 1742 ita
887 1710 1010 1742 ruant
1039 1707 1173 1755 itaque
1201 1706 1377 1752 turbent,
1399 1711 1456 1754 ut,

127 1782 263 1807 earum
284 1772 414 1805 motus
431 1772 471 1805 et
491 1768 662 1817 impetus
690 1780 766 1816 quo
795 1767 1034 1816 pertineant,
1056 1780 1133 1803 non
1153 1767 1430 1817 intellegamus
1445 1783 1455 1816 3

126 1835 173 1869 tu
192 1835 276 1868 tam
296 1830 469 1881 egregios
488 1830 590 1866 viros
616 1841 748 1866 censes
774 1833 912 1865 tantas
939 1842 1001 1866 res
1028 1829 1189 1878 gessisse
1207 1830 1291 1866 sine
1310 1833 1455 1868 causa?

128 1894 188 1931 35.
219 1893 331 1938 Quae
358 1892 481 1941 fuerit
507 1904 638 1938 causa,
668 1904 757 1928 mox
786 1891 943 1938 vider03
972 1892 1124 1928 interea
1152 1891 1223 1928 hoc
1250 1893 1401 1938 tenebo,
1422 1893 1453 1929 si

125 1955 176 1992 ob
203 1955 381 2004 aliquam
412 1966 570 1991 causam
603 1953 692 1999 ista,
719 1965 822 2002 quae
851 1954 934 1990 sine
966 1952 1082 1990 dubio
1114 1953 1326 2021 praeclar-t
1349 1959 1454 1999 sunt,

127 2016 306 2064 fecerint,
336 2009 527 2054 virtutem
559 2016 606 2053 iis
638 2027 708 2064 per
742 2027 783 2051 se
812 2014 938 2064 ipsam
967 2027 1125 2051 causam
1158 2027 1237 2051 non
1271 2000 1454 2053 fuisse.—

125 2079 320 2130 Torquem
346 2077 522 2116 detraxit
549 2076 663 2113 hosti.
667 2075 776 2112 —Et
803 2075 960 2124 quidem
989 2088 1029 2112 se
1056 2077 1170 2122 texit,
1191 2089 1240 2113 ne
1259 2076 1399 2113 interii
1401 2081 1451 2114 et.

124 2141 239 2179 —At
256 2152 445 2190 magnum
467 2138 681 2188 periculum
700 2137 917 2174 adiit-In
936 2137 1056 2174 oculis
1075 2137 1230 2186 quidem
1249 2139 1452 2176 exercitus.

124 2202 284 2248 —Quid
309 2214 358 2239 ex
384 2213 430 2238 eo
456 2204 516 2238 est
543 2199 1025 2237 consecutus‘t—Laudem
1053 2204 1094 2237 et
1113 2200 1332 2245 caritatem,
1352 2213 1453 2248 quae

124 2267 222 2303 sunt
233 2263 342 2302 vitae
359 2263 443 2300 sine
458 2266 568 2298 metu
587 2261 785 2311 degendae
803 2260 998 2311 praesidia
1016 2261 1450 2298 firmissima—Filium

126 2331 254 2367 morte
270 2326 556 2364 multavit—Si
575 2325 659 2363 sine
677 2338 805 2372 causa,
826 2320 969 2362 nollem
990 2337 1052 2362 me
1070 2326 1122 2362 ab
1140 2338 1184 2363 eo
1203 2330 1345 2371 ortum,
1367 2329 1449 2362 tam

873 2392 889 2399 ι
