1617 2568
159 122 207 159 32
595 133 736 159 91οΕ110
765 133 816 159 DE
846 133 1009 160 FINIBUS
1037 134 1063 160 1.

158 225 322 262 honesta
353 238 454 275 quae
488 226 580 271 sint,
610 238 657 262 ea
684 226 814 263 facere
844 226 929 275 ipsa
961 239 1031 275 per
1057 238 1096 262 se
1124 226 1336 273 laetitiam,
1362 226 1402 263 id
1430 229 1491 264 est

158 287 415 336 voluptatem.
488 287 681 324 Homines
709 287 848 336 optimi
887 300 966 324 non
999 287 1242 336 intellegunt
1270 291 1400 324 totam
1430 300 1491 324 ra-

156 349 304 385 tionem
333 349 471 394 everti,
493 349 524 385 si
553 349 612 385 ita
641 361 702 385 res
722 361 762 385 se
790 349 950 385 habeat.
1007 348 1115 385 Nam
1136 348 1167 385 si
1197 348 1489 395 concederetur,

157 410 314 448 etiamsi
334 411 383 447 ad
412 423 551 459 corpus
571 410 671 446 nihil
700 409 912 455 referatur,
934 410 1012 447 ista
1035 423 1105 446 sua
1135 415 1274 459 sponte
1294 414 1334 447 et
1362 422 1432 460 per
1450 422 1490 447 se

158 485 239 510 esse
258 472 443 518 iucunda,
464 485 534 521 per
563 484 602 509 se
622 476 723 509 esset
742 476 782 509 et
807 472 935 508 virtus
954 476 994 508 et
1023 472 1195 521 cognitio
1221 485 1366 518 rerum,
1388 471 1490 522 quod

158 534 319 572 minime
351 533 421 570 “ille
454 534 554 579 vult,
589 534 820 590 expetenda.
898 535 1010 571 Haec
1047 534 1173 583 igitur
1213 534 1375 583 Epicuri
1411 546 1491 571 non

158 597 289 646 probo,
319 596 496 645 inquam.
569 596 630 632 De
658 599 787 632 cetero
817 596 957 633 vellem
986 596 1168 645 equidem
1195 601 1267 633 aut
1296 597 1377 646 ipse
1406 595 1492 633 doc-

158 658 275 695 trinis
305 657 446 694 fuisset
479 657 711 694 instructior
751 658 827 706 (est
865 658 981 703 enim,
1017 657 1119 706 quod
1157 658 1232 694 tibi
1270 659 1328 695 ita
1367 657 1491 695 videri

158 732 311 757 necesse
338 724 409 765 est,
440 733 520 756 non
549 720 645 756 satis
673 709 894 768 politus-'iis
923 719 1091 765 artibus,
1113 733 1213 768 quas
1241 721 1310 769 qui
1338 723 1491 766 tenent,

159 781 305 818 eruditi
343 780 615 830 appellantur)
655 785 727 816 aut
765 793 814 817 ne
852 781 1112 817 deterruisset
1150 781 1247 818 alios
1280 794 1304 817 a
1338 781 1491 818 studiis.

158 844 409 892 Quamquam
430 847 470 879 te
491 842 649 891 quidem
668 835 780 878 uideo
800 842 964 879 minime
982 855 1063 879 esse
1083 842 1330 879 deterritum.
1438 833 1444 837 ”

211 938 337 974 VIII.
395 938 507 982 Quae
527 950 616 974 911111
644 937 839 982 dixissem,
861 937 989 986 magis
1008 940 1056 973 ut
1083 937 1196 974 illum
1226 950 1490 986 provocarem,

158 1013 278 1049 quam
299 1005 345 1037 ut
364 999 446 1049 ipse
474 999 667 1048 loquerer,
689 1002 777 1034 tum
806 997 985 1035 Triarius
1010 998 1163 1035 lenitur
1192 999 1394 1036 arridens:
1432 999 1492 1036 Tu

157 1061 327 1111 quidem,
367 1061 510 1110 inquit,
549 1064 679 1097 totum
719 1060 937 1109 Epicurum
966 1071 1091 1109 paene
1121 1072 1142 1097 e
1171 1060 1492 1110 philosophorum

158 1122 274 1160 choro
308 1121 515 1159 sustulisti.
584 1121 687 1165 Quid
717 1122 752 1157 ei
784 1120 995 1169 reliquisti,
1019 1121 1094 1157 nisi
1123 1125 1176 1168 te,
1197 1134 1352 1170 quoquo
1380 1122 1494 1160 modo

158 1184 396 1233 loqueretur,
444 1182 685 1231 intellegere,
730 1182 824 1231 quid
873 1182 1047 1219 diceret?
1122 1183 1267 1220 Aliena
1306 1183 1406 1220 dixit
1450 1183 1494 1220 in

158 1245 330 1295 physicis
355 1257 425 1282 nec
451 1257 497 1281 ea
525 1244 623 1293 ipsa,
645 1257 748 1293 quae
773 1245 847 1280 tibi
876 1244 1142 1293 probarentur
1157 1258 1168 1292 3
1208 1244 1240 1281 si
1267 1257 1347 1293 qua
1373 1244 1415 1281 in
1448 1244 1496 1281 iis

158 1307 354 1356 corrigere
381 1306 519 1352 voluit,
552 1306 750 1343 deteriora
780 1306 898 1342 fecit:
940 1305 1154 1344 disserendi
1184 1310 1312 1343 artem
1341 1306 1495 1343 nullam

159 1369 325 1416 habuit,
354 1369 603 1418 voluptatem
623 1381 712 1405 cum
743 1380 942 1404 summum
971 1368 1120 1405 bonum
1140 1368 1299 1415 diceret,
1319 1368 1495 1420 primum

158 1431 201 1468 in
225 1443 269 1468 90
297 1431 380 1481 ipso
410 1444 553 1481 parum
582 1430 695 1477 vidit,
716 1430 858 1467 deinde
888 1429 960 1466 hoc
984 1443 1140 1479 quoque
1167 1429 1344 1467 alienum
1357 1444 1368 1478 3
1401 1443 1495 1467 nam

155 1497 252 1530 ante
288 1480 532 1542 Aristippus,
567 1496 608 1529 et
637 1492 703 1529 ille
733 1491 885 1528 melius.
955 1491 1161 1529 Addidisti
1190 1491 1241 1528 ad
1273 1496 1496 1530 extremum
1526 1520 1530 1524 .

158 1554 280 1591 etiam
313 1555 517 1592 indoctum
550 1554 682 1591 fuisse.
755 1553 818 1590 27.
849 1553 966 1601 Fieri,
1001 1554 1179 1603 inquam,
1212 1554 1354 1601 Triari,
1385 1553 1497 1591 nullo

158 1622 275 1667 pacto
305 1621 445 1667 potest,
478 1620 523 1654 ut
557 1630 636 1654 non
667 1617 784 1663 dicas,
819 1616 915 1664 quid
948 1629 1029 1652 non
1060 1616 1200 1666 probes
1231 1616 1327 1664 eius,
1361 1629 1386 1653 a
1418 1628 1496 1666 quo

159 1679 380 1716 dissentias.
451 1679 556 1723 Quid
589 1679 695 1715 enim
725 1691 786 1715 me
815 1678 1042 1727 prohiberet
1071 1678 1311 1728 Epicureum
1339 1690 1433 1725 esse,
1461 1677 1495 1715 si

159 1732 380 1790 probarem,
401 1752 511 1789 quae)
533 1740 599 1776 ille
618 1739 789 1776 diceret?
819 1752 909 1775 cum
927 1739 1163 1788 praesertim
1191 1739 1262 1776 illa
1279 1739 1496 1789 perdiscere

159 1802 276 1839 ludus
304 1806 415 1839 esset.
474 1802 605 1846 Quam
634 1801 683 1838 ob
711 1814 795 1838 rem
815 1800 1136 1837 dissentientium
1165 1800 1273 1838 inter
1299 1813 1340 1838 se
1367 1812 1496 1850 repre-

159 1862 366 1900 hensiones
394 1876 475 1899 non
501 1859 596 1899 sunt
625 1861 936 1910 vituperandae;
968 1861 1192 1908 maledicta,
1221 1861 1494 1908 contumeliae,

158 1928 248 1961 tum
285 1924 523 1970 iracundiae,
565 1922 838 1960 contentiones
874 1922 1263 1972 concertationesque
1294 1922 1338 1958 in
1366 1922 1497 1972 dispu-

159 1985 284 2022 tando
311 1985 533 2035 pertinaces
566 1985 754 2034 indignae
783 1983 1030 2033 philosophia
1064 1983 1162 2020 mihi
1198 1983 1324 2021 videri
1355 1984 1494 2021 solent.

161 2047 223 2083 28.
264 2046 365 2083 Tum
403 2047 655 2095 Torquatus:
700 2045 882 2091 Prorsus,
921 2044 1065 2094 inquit,
1104 2045 1299 2083 assentior
1313 2059 1324 2093 3
1369 2057 1498 2096 neque

158 2106 283 2145 enims
297 2108 494 2158 disputari
525 2108 609 2145 sine
639 2106 943 2157 reprehensione
972 2119 1044 2143 nec
1073 2119 1162 2143 cum
1190 2106 1402 2144 iracundia'
1423 2111 1496 2145 aut

161 2170 380 2219 pertinacia
398 2174 504 2207 recte
525 2169 719 2218 disputari
748 2171 888 2217 potest.
949 2167 1026 2204 Sed
1051 2168 1103 2204 ad
1131 2167 1240 2214 haec,
1261 2169 1338 2206 nisi
1361 2169 1496 2206 moles-

159 2236 248 2268 tum
268 2236 338 2278 est,
359 2231 486 2268 habeo
506 2230 757 2280 quaevelim.
815 2231 884 2266 An
904 2243 979 2276 me,
999 2230 1177 2278 inquam,
1198 2230 1274 2268 nisi
1296 2235 1337 2268 te
1356 2231 1496 2268 audire

157 2293 310 2340 vellem,
333 2306 464 2330 censes
484 2293 580 2329 haec
596 2292 794 2329 dicturum
815 2291 961 2328 fuisse?
1019 2291 1172 2329 Utrum
1191 2292 1328 2341 igit1u=,
1345 2293 1491 2342 inquit,
