1597 2568
594 155 653 180 xv.
686 144 871 180 49—xv1.
904 146 964 181 51.
1391 148 1432 182 41

117 251 178 285 est
195 247 296 286 liber
313 260 409 284 cura
427 251 468 284 et
487 258 645 296 angore,
664 259 752 282 cum
773 253 813 282 et
841 251 1007 283 mortem
1028 248 1256 291 coum-nmit,
1277 261 1353 296 qua
1375 250 1439 297 qui

117 310 246 347 affecti
265 310 371 356 sunt,
391 310 432 346 in
451 309 585 346 eadem
605 322 723 345 causa
741 313 847 355 sunt,
867 323 943 358 qua
964 315 1058 346 ant-e
1077 323 1194 359 quain
1217 311 1313 356 nati,
1334 316 1373 347 et
1393 311 1440 348 ud

117 371 266 409 dolores
284 372 342 410 ita
361 375 527 421 paratus
545 375 617 416 est,
639 374 684 406 ut
713 371 937 407 meminerit
958 371 1148 408 maximos
1177 377 1302 408 morte
1322 373 1438 417 finiri,

116 446 258 483 parvos
285 433 414 470 multa
442 432 586 469 habere
616 431 827 468 intervalla
859 433 1056 481 requieti&
1091 433 1341 469 mediocrium
1372 446 1441 470 nos

115 507 198 532 effla
233 494 421 540 dominos,
453 498 510 539 ut,
541 494 573 530 si
611 493 839 530 tolerabiles
876 494 968 539 sint,
1007 494 1191 540 feramus,
1228 494 1260 531 si
1299 494 1439 539 minus,

115 556 248 594 animo
265 568 392 605 aequo
410 568 432 592 e
452 555 546 601 vita,
559 568 648 591 cum
670 568 716 591 ea
737 568 814 592 uon
835 555 1002 604 placeat,
1019 560 1223 605 tamquam
1243 569 1264 593 e
1282 556 1442 593 theatro

113 631 308 656 exeamus.
366 618 517 663 Quibus
544 618 661 662 rebus
681 617 928 666 intellegitur
958 631 1026 655 nec
1056 617 1312 655 timiditatem
1332 618 1439 666 igna-

114 682 297 730 viamque
316 680 538 730 vituperari
559 693 629 717 nec
648 680 926 716 fortitudinem
956 681 1266 729 patientiamque
1287 679 1441 716 laudari

111 755 182 779 suo
201 741 369 788 nomine,
389 741 456 778 sed
475 741 564 778 illas
582 741 686 786 reici,
709 741 801 789 quia
823 741 992 778 dolorem
1015 741 1186 790 pariant,
1207 741 1278 777 has
1297 741 1438 790 optari,

111 803 206 854 quia
226 803 483 853 voluptatem.
609 805 614 808 '

163 897 282 934 XVI.
331 898 393 934 50.
425 896 588 934 Iustitia
609 901 745 942 restat,
766 901 812 933 ut
832 897 879 933 de
898 898 1005 934 ouini
1026 897 1175 933 virtute
1195 898 1247 934 sit
1265 897 1412 934 dictum
1430 911 1439 940 ;

108 959 175 997 sed
207 959 351 996 similia
379 958 462 996 fere
496 959 570 995 dici
604 963 780 1008 possunt.
836 960 897 997 Ut
929 959 1034 996 enim
1063 956 1311 1009 sapientiam,
1344 965 1440 996 tem-

107 1021 345 1071 perantiam,
366 1020 641 1058 fortitudinem
661 1021 864 1069 copulatas
883 1020 964 1058 esse
983 1021 1095 1058 docui
1113 1034 1200 1058 cum
1221 1021 1439 1071 voluptate,

107 1086 155 1120 ut
173 1083 225 1120 ab
242 1095 289 1120 ea
308 1082 418 1120 nullo
445 1082 558 1119 modo
586 1094 657 1119 nec
685 1082 818 1119 divelli
847 1096 916 1119 nec
946 1082 1114 1119 distrahi
1143 1083 1302 1132 possint,
1321 1083 1375 1119 sic
1393 1081 1440 1118 de

106 1138 261 1181 iustitia
290 1130 545 1181 iudicandum
582 1147 655 1190 est,
687 1156 788 1192 quae
819 1157 898 1180 non
932 1144 1045 1181 modo
1077 1157 1295 1194 numquam
1328 1148 1441 1181 nocet

106 1206 302 1256 cuiquam,
336 1205 403 1242 sed
435 1209 574 1242 contra
603 1217 757 1254 semper
786 1206 965 1255 impertit
995 1205 1144 1255 aliquid
1176 1219 1265 1243 cum
1297 1218 1368 1243 sua
1401 1204 1440 1241 vi

105 1271 227 1317 atque
245 1270 404 1312 natura,
425 1267 527 1316 quod
547 1267 783 1316 tranquillet
811 1267 972 1314 animos,
993 1271 1080 1304 tum
1099 1280 1165 1317 spe
1186 1267 1284 1304 nihil
1303 1279 1439 1304 earum

105 1341 239 1366 rerum
259 1328 503 1374 defuturum,
519 1340 619 1378 quas
638 1332 786 1365 natura
806 1341 885 1365 non
904 1328 1122 1378 depravata
1142 1329 1345 1366 desideret.
1385 1328 1439 1364 Et

105 1402 222 1439 quem
259 1389 307 1426 ad
346 1389 503 1426 modum
540 1389 746 1426 temeritas
782 1394 822 1426 et
859 1390 1056 1426 libido-et
1093 1390 1251 1439 ignavia
1286 1392 1440 1440 semper

104 1451 283 1488 animum
316 1450 546 1488 excruciant
591 1441 632 1487 et
665 1463 820 1500 semper
855 1450 1068 1506 soHicitant
1104 1452 1439 1501 turbulentaeque

103 1516 211 1560 sunt,
241 1513 295 1550 sic
326 1512 560 1562 improbitas
589 1513 621 1548 si
650 1512 762 1549 cuius
793 1513 836 1549 in
866 1517 998 1550 mente
1026 1513 1212 1560 consedit,
1243 1513 1315 1550 hoc
1343 1513 1438 1563 ipso,

103 1570 205 1624 quod
234 1573 358 1621 adest,
388 1573 623 1629 turbulenta
661 1578 746 1620 est3
776 1574 809 1610 si
838 1577 930 1611 ver'o
962 1575 1098 1612 molita
1130 1574 1334 1624 quippiam
1366 1579 1437 1620 est,

103 1636 286 1685 quamvis
316 1635 465 1673 occulte
498 1635 646 1681 fecerit,
667 1648 886 1685 numquam
920 1640 1055 1673 tamen
1086 1636 1126 1673 id
1156 1635 1323 1674 confidet
1355 1636 1439 1674 fore

102 1710 256 1748 semper
290 1697 500 1754 occultum.
585 1696 824 1747 Plerumque
859 1698 1124 1747 improborum
1162 1698 1271 1736 facta
1311 1698 1438 1748 primo

101 1759 268 1810 suspicio
294 1754 529 1809 insequitur,
549 1759 639 1796 dein
666 1772 793 1797 sermo
820 1765 942 1810 atque
969 1761 1087 1808 fama,
1107 1765 1195 1798 tum
1222 1765 1437 1807 accusator,

101 1825 189 1858 tum
208 1821 354 1864 index;
384 1820 501 1858 multi
520 1820 653 1867 etiam,
674 1824 720 1858 ut
747 1825 788 1858 te
807 1821 975 1868 consule,
996 1823 1068 1872 ipsi
1088 1836 1127 1860 se
1147 1823 1435 1860 indicaverunt.

102 1883 165 1920 51.
196 1882 342 1931 Quodsi
354 1883 423 1932 qui
441 1882 539 1919 satis
557 1883 631 1919 sibi
644 1886 782 1920 contra
801 1883 1003 1936 hominum
1017 1884 1294 1932 conscientiam
1309 1885 1436 1933 saepti

100 1935 241 1982 esse²et
259 1944 405 1981 muniti
425 1943 623 1990 videntur,
644 1943 803 1981 deorum
832 1927 979 1982 tamen*
988 1933 1161 1983 Hori-5148
1169 1926 1436 1995 &aisque'ffisas

98 2005 393 2053 sollicitudines,
413 2006 558 2056 quibus
575 1998 710 2043 eorum
730 2007 853 2044 animi
874 2010 896 2027 “
909 1997 1119 2057 nodtesque
1138 2003 1296 2057 diesque
1311 2008 1330 2024 ''
1348 2020 1434 2044 exe-

99 2067 180 2106 dun
202 2080 263 2133 ur,
281 2079 307 2104 a
324 2067 384 2104 dis
401 2066 689 2104 immortalibus
715 2067 895 2124 supplicii
914 2081 1031 2106 causa
1049 2069 1255 2118 importari
1274 2072 1432 2119 puta‘nt.

99 2129 154 2179 Q,
187 2124 213 2167 θ’
239 2133 375 2166 autem
407 2134 526 2166 tanta
556 2141 605 2166 ex
631 2125 819 2180 improbis
846 2130 960 2167 factis
987 2131 1039 2168 ad
1068 2130 1301 2168 minuendas
1328 2131 1434 2168 vitae

98 2178 300 2228 molesffas
316 2191 481 2228 accessio
499 2194 629 2240 potest
647 2191 745 2238 fieri,
765 2196 919 2242 quanta
938 2191 988 2229 ad
1008 2190 1219 2242 augendaS,
1239 2205 1327 2230 cum
1346 2205 1433 2229 con-

97 2251 263 2288 scientia
292 2251 503 2298 factorum,
524 2256 611 2289 tum
641 2265 767 2301 poena
799 2253 929 2303 legum
963 2253 1125 2302 odioque
1154 2243 1323 2290 civium?
1379 2253 1432 2290 Et

98 2316 236 2350 tamen
255 2313 296 2350 in
311 2313 544 2362 quibusdam
560 2326 687 2363 neque
702 2316 890 2364 pecuniae
905 2309 1043 2352 modus
1053 2320 1113 2352 est
1132 2316 1257 2364 neque
1277 2314 1433 2369 honoris
