1617 2568
153 133 202 169 26
587 143 729 168 CICERO
759 143 810 167 DE
841 142 1002 168 F1N1sscs
1033 142 1058 167 1.

152 236 187 272 8.
218 235 303 285 Ego
322 238 456 288 a‘utem
477 248 592 284 quem
614 236 777 271 timeam
798 235 996 287 lectorem,
1017 246 1105 270 cum
1128 233 1179 269 ad
1199 237 1238 269 te
1258 245 1308 269 ne
1329 232 1487 269 Graecis

151 298 308 347 quidem
337 297 541 334 cedentem
566 297 608 333 in
637 296 884 346 philosophia
911 296 1078 332 audeam
1115 294 1310 331 seribere?
1352 307 1488 343 quam-

151 371 273 407 quam
293 372 317 395 a
336 363 377 395 te
396 359 479 407 ipso
507 358 546 394 id
575 358 732 407 quidem
754 357 855 394 facio
881 361 1115 407 provocatus
1144 356 1370 405 gratissimo
1390 347 1486 392 inihi

152 419 262 465 libro,
302 431 418 468 quem
456 419 506 456 ad
545 431 607 455 me
644 418 691 455 de
722 418 875 455 virtute
908 418 1060 454 misisti.
1120 417 1193 454 Sed
1227 429 1273 452 ex
1303 429 1347 454 eo
1374 416 1488 453 credo

151 481 388 529 quibusdam
419 494 492 529 Qu
523 481 669 528 venire,
700 485 747 518 ut
773 481 1018 518 abhorreant
1046 494 1069 516 a
1101 479 1267 525 Latinis,
1297 478 1400 528 quod
1428 479 1487 515 in—

151 542 320 580 ciderint
348 542 390 579 in
418 542 572 580 inculta
601 543 793 592 quaedam
823 546 864 579 et
902 541 1075 588 horrida,
1106 542 1152 578 de
1187 541 1301 577 malis
1329 540 1489 578 Graecis

153 603 299 640 Latine
327 605 476 653 scripta
500 604 684 657 deterius.
742 604 893 649 Quibus
921 616 992 653 ego
1020 603 1226 649 assentior,
1248 602 1341 639 dum
1375 602 1488 640 modo

150 665 198 702 de
226 665 349 702 isdem
378 666 496 703 rebus
524 679 573 703 ne
602 664 770 704 Graecos
783 664 957 715 'quidem
986 665 1169 715 legendos
1197 669 1351 713 putent.
1409 665 1490 702 Res

151 739 243 764 vero
263 727 386 764 bonas
405 728 536 765 verbis
555 719 689 770 elecfis
714 729 892 778 graviter
911 731 1130 776 oQajeque
1150 727 1276 763 dictas
1295 726 1383 775 quis
1409 739 1490 763 non

150 789 286 836 legat?
314 789 391 825 nisi
420 782 500 838 quil
516 802 556 826 se
582 778 700 838 plane
728 789 925 826 Graecum
950 789 1025 825 dici
1046 788 1152 834 velit,
1174 784 1220 824 ut
1250 802 1273 824 a
1303 788 1490 830 Scaevola

151 853 212 886 est
230 849 414 899 praetore
440 851 641 888 salutatus
658 851 834 888 Athenis
853 851 1060 889 Albucius.
1121 851 1154 887 9.
1187 851 1310 895 Quem
1331 850 1488 900 qu-i‘dem

151 911 279 948 locum
310 925 399 949 cum
432 913 562 950 multa
591 917 805 955 venustate
838 917 879 950 et
911 913 1019 950 omni
1052 912 1135 950 sale
1163 911 1267 949 idem
1302 912 1488 961 Lucilius,

153 973 259 1023 apud
278 987 395 1023 quem
414 975 617 1024 praeclare
638 976 825 1012 Scaevola
841 989 847 1012 ε

235 1104 422 1142 Graecum
443 1111 486 1151 te,
508 1105 658 1152 Albuci,
679 1119 798 1154 quam
817 1106 1041 1142 Romanum
1060 1113 1173 1154 (cique
1194 1105 1398 1152 Sabinum,

233 1166 478 1216 splunicipem
497 1167 629 1214 Ponti,
650 1168 852 1214 Trz'tcwmz‘,
874 1168 1156 1213 centurionum,

233 1228 529 1265 Praeclarorzwn
548 1229 754 1266 homimem
773 1243 818 1266 (ιο
832 1230 1052 1278 primm-amn
1072 1229 1381 1278 siymjfhrumque

233 1290 418 1327 Maluisti
436 1290 525 1327 clici.
586 1290 725 1328 Graece
745 1304 829 1339 erqo
844 1297 1002 1339 praetor
1021 1291 1193 1335 Athenis,

233 1352 286 1388 Id
304 1353 406 1400 quod
424 1352 614 1398 maluisti,
637 1359 680 1399 te,
702 1366 789 1389 cum
807 1354 860 1390 ad
879 1366 937 1390 me
956 1353 1111 1399 accedis,
1131 1352 1255 1390 saluto
1273 1367 1285 1388 .·

235 1412 412 1462 “Xai‘pe,''
428 1414 605 1462 inquam,
630 1415 764 1452 “Titef
774 1414 792 1428 ''
809 1415 968 1460 lictores,
979 1421 1111 1452 turma
1127 1415 1253 1452 omnis
1268 1414 1467 1463 cohorsque
1478 1428 1489 1450 .·

237 1478 258 1495 “
275 1478 403 1525 Χαῖρε,
423 1476 508 1513 Tite
522 1477 538 1513 ,Ι
555 1476 573 1492 ”
602 1477 710 1514 Hinc
730 1477 849 1514 hostis
870 1477 925 1514 mi
943 1476 1143 1523 Albucius,
1164 1477 1254 1513 hinc
1273 1476 1472 1513 inimicus.

211 1615 271 1651 10.
304 1615 378 1652 Sed
406 1614 492 1651 iure
512 1614 682 1652 Mucius.
742 1616 826 1665 Ego
845 1619 983 1661 autem
1003 1615 1139 1652 mlrari
1161 1615 1259 1652 satis
1277 1628 1358 1652 non
1378 1627 1490 1664 queo,

154 1676 261 1713 unde
289 1676 360 1713 hoc
387 1678 440 1713 sit
468 1681 552 1713 tam
582 1677 753 1726 insolens
773 1679 1079 1715 domesticarum
1108 1690 1244 1714 rerum
1272 1677 1489 1714 fastidium.

154 1738 249 1775 Non
277 1742 337 1775 est
355 1739 516 1775 omnino
537 1739 600 1775 hic
630 1739 791 1776 docendi
811 1740 919 1776 locus
931 1755 942 1787 3
971 1739 1038 1776 sed
1066 1739 1125 1775 ita
1154 1738 1280 1776 sentio
1309 1742 1350 1775 et
1378 1747 1492 1787 saepe

154 1799 330 1846 disserui,
353 1800 543 1837 Latinam
572 1801 753 1850 linguam
774 1814 855 1837 non
875 1801 987 1838 modo
1007 1813 1088 1837 non
1116 1800 1285 1849 inopem,
1306 1804 1354 1836 ut
1373 1799 1491 1849 vulgo

155 1864 361 1910 putarent,
401 1861 467 1898 sed
509 1862 805 1911 locupletiorem
843 1862 965 1899 etiam
1004 1874 1086 1899 esse
1123 1874 1245 1910 quam
1282 1861 1488 1898 Graecam.

155 1922 323 1967 Quando
356 1922 461 1959 enim
496 1923 619 1970 nobis,
653 1923 717 1960 vel
750 1923 878 1960 dicam
909 1927 982 1960 aut
1011 1923 1237 1960 oratoribus
1269 1923 1381 1959 bonis
1418 1925 1490 1959 aut

153 1983 291 2033 poetis,
320 1988 456 2032 postea
485 1983 644 2032 quidem
673 1997 795 2033 quam
824 1984 914 2031 fuit,
944 1997 1061 2034 quem
1087 1985 1356 2030 imitarentur,
1386 1983 1492 2021 ullus

154 2044 345 2082 orationis
363 2045 425 2082 vel
445 2046 619 2095 copiosae
638 2046 700 2083 vel
720 2046 911 2095 elegantis
929 2051 1096 2083 ornatus
1115 2045 1270 2083 defuit?

209 2190 285 2227 IV.
344 2190 430 2239 Ego
465 2201 570 2237 vero,
609 2190 795 2239 quoniam
843 2189 1065 2226 forensibus
1101 2189 1240 2238 operis,
1278 2188 1490 2235 laboribus,

156 2251 339 2302 periculis
364 2264 444 2288 non
473 2251 688 2288 deseruisse
717 2251 815 2287 mihi
845 2251 979 2288 videor
1012 2249 1264 2300 praesidium,
1289 2250 1334 2287 in
1361 2262 1440 2300 quo
1467 2262 1492 2286 a

155 2314 298 2363 populo
313 2314 496 2350 Romano
507 2313 660 2350 locatus
672 2325 770 2360 sum,
787 2313 907 2349 debeo
922 2308 1108 2361 profecto,
1125 2316 1492 2361 quantumcumque
