1597 2568
671 189 758 214 xm.
791 179 918 216 4440.
1401 184 1448 217 39

127 293 298 318 errorem
318 287 360 320 et
376 282 652 334 voluptatibus
672 283 853 318 maximis
873 295 987 332 saepe
1007 284 1214 332 priventur
1234 291 1273 321 vt
1294 286 1448 321 ‹lui-issi-

126 343 200 379 mis
227 343 350 380 animi
379 343 576 380 dolo'ribus
605 347 878 392 totquemitur,
909 345 1102 393 sapientia
1129 350 1188 381 est
1216 346 1448 391 adliilwuda,

125 416 228 454 quae
263 409 304 442 et
341 405 555 442 terroribus
591 404 951 454 cupiditatibusque
985 405 1171 442 detractis
1204 412 1243 442 ct
1275 408 1447 443 oninium

126 466 318 504 falsarum
337 467 564 516 opinionum
585 467 809 504 temeritate
825 467 985 516 derepta
1005 468 1260 505 certissimam
1281 482 1320 505 se
1342 470 1450 505 nobis

125 528 261 565 ducem
289 529 478 579 praebeat
505 528 554 565 ad
583 529 840 578 voluptatem.
899 529 1101 578 Sapientia
1134 531 1236 566 euim
1268 536 1326 566 est
1359 544 1449 575 uua,

125 602 227 639 quae
258 590 499 648 maestitiam
534 590 655 639 pellat
688 602 737 627 ex
767 591 919 633 animis,
950 603 1051 639 quae
1080 604 1149 627 uos
1180 592 1450 628 exhorrescere

126 655 234 688 metu
272 664 350 688 non
383 652 514 697 siuat;
557 664 634 700 qua
672 653 935 700 pmeceptrice
968 653 1008 688 iu
1042 653 1333 701 tranquillitate
1373 653 1448 689 vivi

126 716 254 762 potest
281 713 455 750 omnium
476 713 739 762 cupiditatum
770 713 909 750 ardore
930 714 1127 750 restincto.
1205 714 1451 763 Cupiditates

123 774 229 811 enim
248 778 343 811 sunt
362 774 618 820 insatiabiles,
635 787 734 823 quae
755 788 832 811 non
853 774 965 811 niodo
985 774 1158 823 singulos
1178 775 1365 821 homiues,
1386 775 1449 811 sed

124 836 329 872 universas
347 835 520 872 familias
548 840 747 881 evertunt,
769 840 894 872 totam
922 836 1043 872 etiam
1065 836 1310 873 labefactant
1337 849 1451 886 saepe

122 909 206 934 rem
242 897 452 946 publicam.
510 898 571 934 44.
604 886 664 933 ΚΧ
701 897 989 946 cupiditatibus
1026 897 1125 943 odia,
1163 897 1336 942 (mealia,
1375 897 1448 934 dis-

123 959 287 1006 cordiae,
316 959 539 1005 seditiones,
561 959 664 996 bella
692 964 926 1005 nascuntur,
948 973 1017 996 nec
1047 972 1115 996 eac
1143 972 1183 996 se
1204 960 1298 996 foris
1326 960 1449 996 solum

122 1022 277 1059 iactant
306 1033 378 1059 nec
410 1025 572 1058 tantum
605 1022 647 1058 in
680 1022 775 1058 alios
805 1034 920 1059 caeco
954 1022 1104 1070 impetu
1133 1021 1356 1067 incurrunt,
1385 1021 1451 1058 sed

124 1083 235 1121 intus
253 1084 374 1121 etiam
402 1084 444 1120 in
463 1084 604 1120 animis
626 1083 800 1120 inclusae
829 1084 935 1120 inter
954 1096 993 1120 se
1021 1082 1210 1119 dissident
1229 1088 1350 1132 atque
1377 1083 1451 1119 dis-

126 1145 304 1192 cordant,
335 1158 383 1182 ex
413 1158 492 1194 quo
521 1146 642 1182 vitam
677 1145 962 1182 amarissimam
992 1157 1146 1181 necesse
1178 1150 1237 1181 est
1269 1145 1377 1190 offici,
1407 1149 1452 1181 ut

121 1207 276 1257 sapiens
308 1201 678 1256 solum'amputata
711 1207 1015 1255 circumcisaque
1049 1206 1247 1243 inanitate
1276 1206 1381 1242 omni
1411 1209 1452 1243 et

122 1281 253 1305 errore
290 1271 462 1306 naturae
496 1268 640 1305 finibus
676 1272 888 1305 contentus
926 1267 1296 1316 sine—aegritudine
1332 1268 1452 1317 possit

122 1334 164 1366 et
182 1329 266 1366 sine
285 1319 394 1366 metu
416 1330 559 1366 vivere.
616 1330 678 1366 45.
710 1329 821 1373 Quae
850 1332 909 1366 est
929 1329 1033 1366 enim
1053 1333 1127 1366 aut
1155 1329 1289 1366 utilior
1308 1332 1380 1365 aut
1399 1328 1450 1365 ad

122 1391 220 1428 bene
253 1391 466 1428 vivendum
503 1392 635 1441 aptior
671 1391 837 1440 partitio
874 1404 994 1440 quam
1033 1391 1111 1437 illa,
1149 1403 1228 1440 qua
1261 1395 1321 1427 est
1358 1403 1452 1427 usus

124 1453 342 1503 Epicurus?
370 1453 439 1503 qui
458 1466 582 1490 unum
603 1465 728 1502 genus
747 1454 877 1502 posuit
897 1465 1033 1490 earum
1053 1453 1330 1502 cupiditatum,
1350 1464 1451 1501 quae

122 1519 253 1553 essent
278 1520 319 1553 et
346 1515 550 1552 naturales
577 1519 618 1552 et
647 1516 897 1561 necessariae,
918 1515 1101 1562 alterum,
1121 1527 1222 1564 quae
1249 1515 1452 1550 naturales

122 1580 252 1614 essent
280 1589 351 1614 nec
379 1580 515 1614 tamen
543 1577 796 1623 necessariae,
822 1576 1000 1622 tertium,
1020 1589 1120 1626 quae
1149 1588 1218 1612 nec
1247 1575 1451 1612 naturales

121 1651 192 1676 nee
206 1639 457 1676 necessariae.
515 1637 577 1674 46.
607 1637 786 1682 Quarum
801 1649 847 1674 ea
862 1637 964 1674 ratio
983 1641 1054 1683 est,
1069 1640 1114 1673 ut
1127 1635 1366 1673 necessariae
1381 1647 1450 1671 nec

121 1713 241 1751 opera
260 1700 388 1737 multa
407 1712 479 1736 nee
507 1699 683 1749 impensa
702 1699 939 1749 expleantur
955 1713 965 1746 3
994 1711 1043 1735 ne
1062 1698 1266 1735 naturales
1293 1697 1448 1746 quidem

122 1760 251 1798 multa
265 1760 500 1805 desiderant,
517 1764 725 1810 propterea
741 1759 845 1809 quod
858 1760 943 1809 ipsa
963 1763 1111 1796 natura
1124 1759 1294 1805 divitias,
1310 1759 1451 1808 quibus

121 1826 308 1860 contenta
343 1822 407 1867 sit,
441 1825 483 1858 et
514 1821 709 1871 parabiles
741 1825 782 1858 et
814 1820 1051 1857 terminatas
1084 1819 1204 1856 habet
1219 1833 1230 1866 3
1271 1819 1450 1855 inanium

121 1888 256 1921 autem
274 1883 538 1934 cupiditatum
559 1896 630 1920 nec
651 1883 788 1919 modus
800 1882 904 1919 ullus
923 1894 992 1918 nec
1011 1881 1102 1918 finis
1120 1880 1290 1918 inveniri
1309 1884 1450 1930 potest.

174 1978 293 2016 XIV.
323 1977 469 2022 Quodsi
498 1978 622 2014 vitam
659 1988 815 2013 omnem
853 1975 1079 2026 perturbari
1108 1975 1285 2011 videmus
1316 1986 1448 2011 err-oie

122 2043 164 2077 et
190 2039 410 2090 inscientia,
439 2038 756 2088 sapientiamque
783 2049 865 2074 esse
892 2037 1026 2083 solam,
1046 2049 1148 2086 quae
1176 2049 1246 2073 nos
1273 2048 1298 2072 a
1326 2035 1448 2072 libidi-

122 2115 219 2158 num
256 2102 407 2151 impetu
443 2105 486 2138 et
521 2114 547 2138 a
583 2100 838 2138 formidinum
867 2104 1016 2137 terrore
1053 2098 1225 2135 vindicet
1261 2101 1302 2134 et
1328 2097 1450 2146 ipsius

121 2163 308 2201 fortunae
336 2162 484 2200 modice
516 2162 619 2199 ferie
647 2163 784 2199 doceat
815 2157 982 2197 iniurias
1017 2163 1057 2196 et
1094 2159 1221 2195 omnis
1257 2161 1449 2195 monstret

121 2225 219 2272 vias,
239 2237 341 2274 quae
359 2224 411 2262 ad
430 2225 606 2274 quietem
618 2228 658 2261 et
673 2221 1005 2272 tranquillitatem
1026 2221 1169 2267 ferant,
1189 2220 1283 2269 quid
1303 2223 1362 2255 est
1380 2232 1449 2254 cur

121 2285 347 2323 dubitemus
365 2285 492 2322 dicere
510 2288 551 2322 et
570 2285 803 2335 sapientiam
833 2288 993 2333 propter
1021 2282 1246 2331 voluptates
1264 2284 1450 2329 expeten-

123 2346 214 2384 dam
251 2350 292 2384 et
328 2347 595 2396 insipientiam
639 2350 799 2395 propter
839 2344 1036 2380 molestias
1073 2356 1153 2379 esse
1192 2341 1448 2391 fugiendam?
