1617 2568
160 139 209 176 28
595 152 737 178 CICERO
766 151 818 177 DE
849 152 1009 179 FINIBUS
1038 154 1064 179 1.

157 254 181 278 a
209 243 320 279 nobis
339 243 394 279 sic
422 243 628 293 intelleges
657 245 888 294 expositam,
918 250 964 282 ut
993 246 1044 282 ab
1073 246 1176 295 ipsis',
1209 247 1276 294 qui
1304 258 1392 283 eam
1421 247 1494 284 dis-

156 305 343 353 ciplinam
363 306 544 354 probant,
569 319 648 343 non
677 307 803 344 soleat
826 309 1054 345 accuratius
1083 308 1282 357 explicari.
1339 308 1494 346 Verum

155 367 262 409 enim
281 367 461 405 invenire
481 369 673 415 volumus,
696 382 775 406 non
795 373 1005 419 tamquam
1027 370 1301 407 adversarium
1321 370 1494 419 aliquem

154 428 395 466 convincere.
454 431 656 467 Accurate
693 436 829 468 autem
869 431 1065 480 quondam
1114 445 1139 468 a
1187 431 1231 468 L.
1279 431 1492 481 Torquato,

155 489 314 527 homine
333 491 441 527 omni
459 484 640 529 doctrina
659 492 828 538 erudito,
849 492 1008 530 defensa
1027 498 1087 530 est
1107 493 1269 542 Epicuri
1293 493 1493 540 sententia

155 551 202 588 de
230 552 448 602 voluptate,
479 567 502 590 a
531 567 673 603 meque
701 555 737 592 ei
765 567 1010 605 responsum,
1040 568 1130 593 cum
1160 556 1202 593 O.
1232 555 1420 602 Triarius,
1449 556 1493 593 in

154 614 292 662 primis
310 616 441 664 gravis
456 620 496 652 et
515 616 652 653 doctus
671 616 913 663 adulescens,
935 617 970 653 ei
990 617 1251 666 disputationi
1270 617 1490 655 interesset.

157 676 217 712 14.
247 675 355 712 Nam
374 690 463 713 011111
484 677 534 714 ad
555 689 617 714 me
646 678 688 714 in
709 678 934 715 Cumanum
955 678 1158 715 salutandi
1186 691 1305 715 causa
1323 682 1492 728 uterque

156 738 338 785 venisset,
352 751 479 788 pauca
500 740 627 788 primo
647 740 753 777 inter
772 736 911 776 nos'de
930 740 1087 786 litteris,
1104 753 1273 790 quarum
1293 753 1490 777 summum

153 804 241 839 erat
269 801 312 837 in
332 807 500 850 utroque
520 802 709 848 studium,
731 802 871 839 deinde
891 796 1135 851 Torquatus:
1166 803 1362 847 Quoniam
1383 803 1492 839 nacti

152 864 206 907 te,
241 862 557 911 inquit,'sumus
591 864 804 913 aliquando
838 864 1020 910 otiosum,
1054 869 1160 901 certe
1193 865 1366 908 audiam,
1396 865 1491 914 quid

152 924 216 969 sit,
237 918 340 973 quod
361 925 578 974 Epicurum
599 930 779 963 nostrum
809 938 889 962 11011
918 930 964 962 tu
985 926 1143 975 quidem
1172 926 1310 972 oderis,
1332 930 1379 963 ut
1407 927 1492 964 fere

152 985 321 1033 faciunt,
352 987 420 1036 qui
448 987 499 1024 ab
529 1000 573 1024 eo
593 988 846 1034 dissentiunt,
877 987 943 1024 sed
972 992 1078 1025 certe
1107 1001 1187 1025 non
1216 989 1366 1038 probes‘,
1398 1001 1488 1026 eum

151 1059 269 1096 quem
289 1061 362 1097 ego
390 1049 564 1085 arbitror
592 1063 718 1086 unum
739 1050 880 1087 vidisse
900 1062 1039 1087 verum
1069 1050 1331 1099 maximisque
1354 1049 1492 1087 errori-

152 1109 224 1146 bus
253 1110 406 1147 animos
435 1110 639 1147 hominum
669 1111 896 1148 liberavisse
916 1115 956 1148 et
983 1111 1117 1148 omnia
1140 1111 1360 1157 tradidisse,
1387 1124 1490 1161 quae

150 1171 400 1220 pertinerent
429 1172 480 1209 ad
509 1173 608 1209 bene
638 1173 832 1222 beateque
851 1173 1077 1210 vivendum.
1136 1173 1212 1210 Sed
1233 1172 1415 1210 existimo
1435 1178 1489 1219 te,

148 1232 251 1269 sicut
280 1238 459 1270 nostrum
489 1234 701 1281 Triarium,
726 1237 859 1271 minus
890 1235 941 1271 ab
967 1247 1012 1271 eo
1043 1233 1244 1280 delectari,
1274 1234 1379 1283 quod
1408 1235 1487 1271 ista

152 1293 344 1340 Platonis,
360 1295 582 1342 Aristoteli,
600 1295 863 1345 Theophrasti
877 1296 1069 1333 orationis
1081 1299 1319 1333 ornamenta
1333 1295 1491 1345 neglex-

150 1356 240 1394 erit.
298 1356 405 1392 Nam
434 1357 533 1393 illud
562 1357 722 1406 quidem
750 1357 892 1394 adduci
921 1357 989 1393 vix
1017 1369 1187 1406 possum,
1217 1361 1263 1393 ut
1295 1369 1354 1403 ea,
1387 1369 1490 1406 quae

149 1418 317 1455 senserit
345 1418 422 1465 ille,
443 1419 517 1455 tibi
547 1433 627 1456 non
651 1432 743 1456 vera
763 1420 987 1456 videantur.
1050 1421 1110 1457 15.
1140 1420 1244 1456 Vide
1274 1425 1484 1469 quantum,

149 1480 325 1529 inquam,
348 1480 500 1527 fallare,
522 1482 733 1531 Torquate.
791 1482 932 1519 Oratio
951 1495 1014 1519 me
1033 1482 1147 1519 istius
1169 1481 1390 1531 philosophi
1408 1494 1490 1518 non

149 1542 339 1596 offendit,
371 1556 464 1579 nam
496 1547 537 1580 et
570 1543 846 1593 complectitur
877 1543 1017 1590 verbis,
1049 1543 1153 1593 quod
1185 1543 1284 1589 vult,
1319 1547 1360 1581 et
1393 1543 1489 1580 dicit

149 1599 278 1653 plane,
294 1604 397 1653 quod
417 1605 648 1654 intellegam
662 1619 671 1652 3
703 1609 742 1642 et
758 1609 895 1642 tamen
911 1618 980 1655 ego
1000 1619 1023 1642 a
1042 1605 1284 1655 philosopho,
1300 1605 1333 1642 si
1347 1605 1490 1642 afferat

149 1665 428 1714 eloquentiam,
458 1679 538 1702 non
572 1679 771 1716 asperner,
801 1668 834 1703 si
862 1680 941 1704 non
970 1667 1132 1713 habeat,
1162 1680 1242 1704 non
1276 1658 1487 1716 adj-nodum

150 1727 337 1777 flagitem.
396 1728 457 1764 Re
489 1728 588 1764 mihi
618 1741 698 1765 non
732 1741 856 1778 aeque
894 1729 1099 1775 satisfacit,
1133 1734 1174 1766 et
1207 1728 1366 1778 quidem
1395 1728 1488 1765 locis

149 1788 340 1838 pluribus.
399 1790 474 1827 Sed
506 1795 603 1839 quot
641 1791 831 1837 homines,
865 1795 926 1828 tot
959 1791 1205 1837 sententiae;
1239 1789 1327 1827 falli
1362 1790 1488 1839 igitur

149 1863 365 1899 possumus.
422 1852 551 1896 Quam
581 1852 630 1888 ob
655 1864 739 1889 rem
768 1853 945 1900 tandem,
977 1853 1120 1902 inquit,
1152 1865 1233 1889 non
1265 1851 1487 1889 satisfacit?

148 1915 191 1949 te
211 1913 315 1949 enim
344 1913 510 1950 iudicem
540 1926 713 1962 aequum
742 1919 851 1963 puto,
883 1915 1006 1961 modo,
1029 1927 1130 1963 quae
1149 1914 1255 1951 dicat
1282 1913 1360 1959 ille,
1386 1913 1486 1951 bene

148 1963 285 2011 noriss
328 1975 387 2011 16.
419 1974 508 2011 Nisi
542 1970 640 2012 mffii
674 1976 915 2023 Phaedrum,
950 1977 1126 2026 inquam,
1160 1976 1375 2013 mentitum
1413 1979 1486 2012 aut

149 2036 350 2073 Zenonem
379 2039 509 2085 putas,
530 2050 699 2086 quorum
729 2042 943 2088 utrumque
972 2038 1120 2084 audivi,
1139 2050 1228 2075 cum
1255 2036 1355 2073 mihi
1385 2036 1485 2073 nihil

148 2109 243 2134 sane
275 2102 436 2146 praet-er
468 2099 721 2135 sedulitatem
754 2099 982 2148 probarent,
1010 2095 1167 2136 ‘omnes‘
1186 2098 1285 2135 mihi
1321 2098 1487 2147 Epicuri

148 2159 371 2196 sententiae
408 2161 505 2196 satis
542 2165 661 2197 notae
698 2164 828 2197 sunt.‘
860 2162 997 2211 Atque
1030 2173 1105 2208 eos,
1138 2172 1236 2210 quos
1267 2159 1483 2205 nominavi,

149 2233 239 2257 cum
268 2220 406 2258 A'ttico
439 2227 573 2259 nostro
605 2222 836 2272 frequenter
869 2213 1015 2269 audivi,
1049 2235 1139 2260 cum
1169 2222 1386 2259 miraretur
1417 2221 1485 2258 ille

148 2282 306 2332 quidem
340 2288 566 2333 utrumque,
603 2285 828 2321 Phaedrum
861 2289 998 2322 autem
1031 2285 1156 2322 etiam
1192 2286 1359 2330 amaret,
1390 2283 1484 2319 coti-

149 2344 289 2394 dieque
309 2345 414 2381 inter
437 2358 507 2381 nos
533 2358 591 2384 ea,
612 2358 714 2395 quae
734 2346 1003 2393 audiebamus,
1022 2346 1334 2392 conferebamus,
1354 2356 1484 2393 neque

1354 2458 1367 2499 l.
