1617 2568
101 160 149 196 38
532 168 673 193 01011110
702 167 752 192 m:
783 167 943 192 F1N1Bus
972 167 997 192 1.

99 261 192 311 quid
213 265 284 307 631,
304 260 406 310 quod
437 260 512 296 huo
533 259 665 308 possit,
687 271 764 307 quo
792 258 931 295 melius
949 259 1001 295 sit
1020 258 1226 295 accedere?
1284 257 1427 294 Statue

99 326 239 360 contra
253 323 423 371 aliquem
439 320 659 358 confectum
672 321 800 357 tantis
818 320 940 357 animi
956 319 1203 369 corporisque
1217 318 1426 364 doloribus,

99 385 241 434 quanti
269 384 310 420 in
339 383 538 420 hominem
558 383 720 436 1113111011
748 382 884 419 cadere
912 386 1087 431 possunt,
1109 381 1220 417 nulla
1248 392 1315 429 spe
1342 393 1427 429 pro—

100 442 227 497 posita
246 446 329 482 fore
348 445 474 481 levius
493 436 718 493 aliquando,
732 444 843 480 nulla
862 447 1069 493 praeterea
1090 455 1214 492 neque
1230 442 1428 492 praesenti

100 521 171 545 nec
204 510 432 556 exspectata
470 505 687 554 voluptate,
725 505 819 555 quid
847 518 891 542 eo
919 506 1099 541 miserius
1131 505 1204 541 dici
1234 507 1306 540 aut
1333 503 1429 552 fingi

100 571 254 620 potest'.l
310 568 455 613 Quodsi
475 568 561 604 vita
574 567 771 604 doloribus
791 566 938 603 referta
958 566 1126 602 maxime
1146 565 1335 615 fugienda
1355 568 1428 610 est,

100 644 298 669 summum
327 629 504 679 profecto
533 629 682 665 malum
710 633 769 665 est
798 629 928 665 vivere
955 642 1043 665 cum
1073 628 1202 664 dolore
1217 642 1227 674 3
1256 627 1319 664 cui
1347 639 1432 663 sen-

100 694 253 730 tentiae
298 695 610 728 consentaneum
658 691 718 727 est
755 691 942 727 ultimum
978 703 1058 727 esse
1104 690 1296 726 bonorum
1342 701 1431 726 cum

101 756 307 805 voluptate
336 755 478 808 viyere.
535 754 619 790 Nec
639 754 743 790 enim
764 754 886 790 habet
914 757 1049 790 nostra
1069 766 1179 789 mens
1206 752 1431 801 quicquam,

101 818 170 854 ubi
199 816 387 854 consistat
415 820 621 864 tamquam
650 816 691 852 in
721 821 908 862 extremo,
928 828 1139 864 omnesque
1167 819 1207 850 et
1235 818 1364 850 metus
1391 817 1431 849 et

100 878 366 928 aegritudines
394 877 445 913 ad
473 877 644 914 dolorem
674 876 919 923 referuntur,
949 890 1020 914 1160
1048 881 1255 926 praeterea
1283 879 1343 912 est
1370 888 1432 912 res

100 941 196 987 ulla,
230 953 333 989 quae
363 953 434 976 3113
472 943 620 975 natura
654 942 726 975 aut
763 939 975 975 sollicitare
1007 939 1128 987 possit
1164 942 1237 974 aut
1274 950 1430 987 angere.

103 1003 164 1039 42.
196 1002 408 1039 Praeterea
437 1004 478 1037 et
506 1001 720 1050 appetendi
740 1004 780 1037 et
807 999 1029 1048 refugiendi
1057 1003 1097 1036 et
1116 1001 1275 1036 omnino
1301 1011 1432 1036 rerum

102 1055 363 1114 gerendarum
397 1062 515 1099 initia
552 1063 856 1111 proficiscuntur
892 1065 965 1098 aut
1002 1075 1026 1097 a
1063 1061 1268 1110 voluptate
1299 1065 1372 1097 aut
1409 1074 1433 1097 3

101 1123 261 1164 dolore*
300 1124 412 1169 Quod
431 1137 520 1160 cum
539 1124 599 1160 ita
627 1124 692 1169 311,
713 1124 962 1173 perspicuum
983 1127 1042 1160 est
1070 1123 1196 1159 omnis
1215 1126 1344 1159 rectas
1372 1133 1434 1157 res

102 1192 224 1237 atque
242 1185 453 1223 laudabilis
471 1198 516 1222 eo
534 1184 688 1232 referri,
709 1189 754 1221 ut
773 1197 862 1221 cum
881 1185 1086 1234 voluptate
1105 1185 1276 1220 m'vatur.
1333 1184 1434 1228 Quo-

102 1250 211 1287 niam
231 1253 363 1286 autem
384 1248 424 1284 id
443 1251 503 1285 est
532 1248 594 1284 vel
613 1260 811 1284 summum
832 1247 893 1284 vel
914 1247 1101 1283 ultimum
1131 1245 1191 1282 vel
1210 1249 1434 1282 extremum
1473 1251 1475 1253 ’

103 1312 294 1349 bonorum
310 1310 430 1361 (quod
451 1310 591 1346 Graeci
618 1309 726 1348 τέλος
737 1299 997 1356 snominanQ,
1010 1307 1115 1357 quod
1135 1308 1263 1356 ipsum
1282 1308 1434 1344 nullam

103 1374 154 1410 ad
173 1373 291 1409 aliam
319 1385 415 1417 rem,
436 1372 488 1408 ad
506 1371 546 1408 id
565 1375 699 1408 autem
719 1383 781 1407 res
800 1371 1032 1408 referuntur
1060 1381 1206 1415 omneS‚
1226 1369 1435 1406 fatendum

103 1438 162 1472 est
182 1447 379 1472 summum
398 1446 479 1470 esse
499 1434 646 1470 bonum
667 1433 834 1469 iucunde
853 1433 996 1469 vivere.

158 1530 286 1567 XIII.
326 1529 374 1566 Id
394 1529 461 1578 qui
481 1529 523 1565 in
543 1542 625 1565 una
640 1529 792 1565 virtute
811 1531 970 1577 ponunt
990 1531 1029 1564 et
1042 1528 1247 1576 splendore
1265 1526 1437 1564 nominis

105 1592 222 1642 capti,
243 1591 337 1640 quid
356 1594 502 1627 natura
521 1590 706 1639 postulet,
727 1602 807 1626 non
827 1589 1080 1638 intellegunt,
1101 1602 1233 1626 errore
1251 1589 1436 1636 maximo,

105 1655 137 1691 si
169 1654 384 1702 Epicurum
423 1651 561 1688 audire
594 1651 803 1696 'voluer-int,
838 1651 1128 1688 liberabuntur.
1185 1651 1294 1687 Istae
1331 1651 1437 1687 enim

106 1719 261 1752 vestrae
280 1714 445 1751 eximiae
473 1713 741 1762 pulchraeque
760 1712 930 1749 virtutes
950 1713 1025 1749 nisi
1054 1713 1297 1762 voluptatem
1317 1713 1437 1749 effice-

105 1780 208 1822 rent,
229 1776 317 1825 quis
346 1788 411 1811 633
438 1778 511 1811 3111
538 1774 749 1810 laudabilis
776 1777 849 1810 aut
878 1774 1116 1823 expetendas
1144 1774 1436 1811 arbitraretur?

107 1838 169 1875 Ut
197 1836 309 1874 enim*
330 1836 570 1873 medicorum
600 1835 803 1872 scientiam
832 1848 911 1872 non
939 1835 1061 1884 ipsius
1089 1836 1200 1882 artis,
1220 1835 1285 1872 sed
1312 1835 1438 1871 bonae

108 1899 347 1937 valetudinis
366 1910 484 1934 causa
516 1888 739 1946 probamus,
760 1900 800 1934 et
819 1897 1096 1946 gubernatoris
1122 1909 1198 1943 ars,
1217 1897 1312 1946 quia
1341 1896 1438 1933 bene

107 1960 324 2011 navigandi
352 1959 549 1996 rationem
578 1958 712 2005 habet,
734 1949 922 2004 utilitate,
943 1971 1021 1994 non
1050 1962 1138 1995 arte
1165 1958 1363 2005 laudatur,
1384 1959 1438 2013 310

108 2022 317 2072 sapientia,
339 2010 447 2071 qu'ae'
461 2034 526 2057 ars
546 2020 703 2057 vivendi
722 2019 901 2069 putanda
929 2024 1000 2066 est,
1021 2033 1101 2056 11011
1119 2022 1384 2068 expeteretur,
1404 2019 1437 2056 si

109 2085 208 2122 nihil
235 2084 429 2130 efficeret3
467 2095 573 2119 nunc
601 2082 812 2131 expetitur,
842 2082 946 2131 quod
973 2086 1032 2118 est
1059 2085 1265 2130 tamquam
1292 2081 1439 2118 artifex

108 2145 396 2196 conquirendae
411 2148 452 2181 et
467 2144 754 2193 comparandae
766 2143 993 2192 voluptatis,
1051 2144 1112 2179 43.
1143 2143 1288 2193 (Quam
1302 2147 1439 2180 autem

109 2221 180 2258 ego
212 2208 338 2244 dicam
365 2206 623 2255 voluptatem,
651 2206 732 2241 iam
761 2205 913 2252 videtis,
944 2218 994 2242 ne
1021 2205 1171 2241 invidia
1198 2205 1308 2241 verbi
1336 2205 1439 2242 labe-

110 2271 285 2306 factetur
300 2268 424 2305 oratio
437 2266 555 2317 mea.)
611 2267 717 2318 Nam
730 2279 818 2303 cum
834 2266 1082 2316 ignoratione
1099 2279 1231 2303 rerum
1245 2267 1439 2304 bonarum

112 2334 152 2369 et
183 2330 380 2367 malarum
418 2329 590 2366 maxime
622 2325 826 2366 hominum
858 2322 949 2365 vita‘
974 2332 1151 2375 vexetur,
1189 2328 1239 2365 ob
1270 2340 1440 2378 eumque
