1617 2568
811 99 825 108 s

169 134 220 171 44
603 147 745 173 CICERO
774 146 824 172 DE
853 147 1014 172 FINIBUS
1043 147 1068 172 1.

167 238 338 286 adiuvet,
369 253 446 288 quo
487 239 640 276 facilius
667 240 720 284 id,
764 240 867 288 quod
910 239 1151 289 propositum
1182 242 1254 282 est,
1296 250 1493 274 summum

167 300 312 337 bonum
350 303 659 350 consequamur?
733 301 892 338 Clamat
941 301 1147 350 Epicurus,
1195 299 1227 335 is
1274 311 1389 347 quem
1428 311 1495 334 vos

167 365 283 401 nimis
303 365 575 414 voluptatibus
603 378 684 402 esse
703 365 880 402 deditum
909 365 1049 410 dicitis,
1080 377 1159 400 non
1189 375 1298 412 posse
1326 361 1496 399 iucunde

167 426 260 473 vivi,
288 427 364 464 nisi
384 427 585 476 sapienter
613 427 774 464 honeste
800 428 978 476 iusteque
998 427 1171 471 vivatur,
1193 438 1263 462 nec
1283 425 1495 474 sapienter,

165 487 338 534 honeste,
384 489 499 535 iuste,
544 489 620 524 nisi
663 488 841 525 iucunde.
919 489 979 525 58.
1016 488 1156 536 Neque
1201 486 1306 524 enim
1356 486 1496 523 civitas

166 549 207 585 in
248 550 439 587 seditione
495 550 612 586 beata
649 555 730 586 esse
773 554 902 599 potest
943 562 1015 586 nec
1051 550 1094 585 in
1146 548 1336 585 discordia
1373 547 1493 584 domi-

166 624 308 648 norum
348 612 504 658 domus,
546 624 624 660 quo
670 612 802 648 minus
845 611 1002 647 animus
1043 624 1068 647 a
1107 623 1145 647 se
1187 610 1268 659 ipse
1308 609 1496 646 dissidens

165 662 374 722 secumque
403 673 628 710 discorda-ns
656 678 817 722 gustare
845 677 1000 723 partem
1020 672 1144 709 ullam
1173 671 1345 720 liquidae
1364 671 1497 720 volup-

166 735 262 772 tatis
290 739 331 772 et
368 735 516 772 liberae
543 740 682 784 potest.
756 736 882 784 Atqui
910 735 1183 784 pugnantibus
1210 738 1251 771 et
1289 733 1497 771 contrariis

165 797 305 834 studiis
333 797 579 847 consiliisque
607 810 759 847 semper
788 802 904 834 utens
935 797 1036 833 nihil
1064 797 1190 846 quieti
1220 796 1363 842 videre,
1392 795 1494 832 nihil

164 859 373 908 tranquilli
402 863 543 909 potest.
605 853 683 898 595
698 859 844 904 Quodsi
873 859 1044 908 corporis
1077 858 1321 908 gravioribus
1349 857 1496 894 morbis

165 921 272 957 vitae
309 921 536 958 iucunditas
568 921 795 971 impeditur,
836 925 988 970 quanto
1025 921 1151 970 magis
1189 920 1313 956 animi
1350 918 1497 956 morbis

164 982 347 1031 impediri
365 995 518 1019 necesse
546 985 624 1019 est!
679 983 817 1019 Animi
838 986 973 1019 autem
993 982 1119 1018 morbi
1147 985 1242 1018 sunt
1260 980 1497 1030 cupiditates

165 1044 378 1081 immensae
406 1049 446 1081 et
474 1044 614 1080 inanes
635 1044 880 1089 divitiarum,
900 1044 1060 1093 gloriae,
1091 1043 1380 1089 dominationis,
1408 1042 1495 1078 libi-

165 1105 390 1142 dinosarum
442 1105 562 1142 etiam
607 1106 870 1155 voluptatum.
955 1105 1165 1141 Accedunt
1215 1103 1496 1154 aegritudines,

164 1167 376 1214 molestiae,
399 1179 610 1213 maerores,
632 1168 701 1216 qui
721 1167 894 1204 exedunt
913 1167 1066 1203 animos
1085 1166 1376 1215 conficiuntque
1395 1165 1499 1202 curis

164 1228 368 1265 hominum
399 1242 478 1265 non
508 1228 825 1278 intellegentium
859 1228 961 1265 nihil
990 1227 1199 1264 dolendum
1241 1240 1323 1264 esse
1349 1227 1496 1271 animo,

164 1291 267 1340 quod
304 1291 357 1327 sit
391 1304 414 1327 a
448 1291 578 1327 dolore
612 1292 783 1340 corporis
816 1290 1016 1340 praesenti
1046 1289 1234 1327 futurove
1264 1290 1494 1327 seiunctum.

165 1352 249 1389 Nec
285 1365 377 1388 vero
409 1352 620 1401 quisquam
653 1352 802 1388 stultus
830 1365 910 1389 non
938 1351 1080 1388 horum
1109 1352 1336 1387 morborum
1364 1350 1497 1399 aliquo

163 1408 321 1451 laborat
330 1427 340 1460 3
369 1427 483 1450 nemo
501 1414 626 1464 igitur
645 1413 793 1450 stultus
813 1427 893 1450 non
912 1414 1040 1450 miser.
1100 1413 1161 1451 60.
1192 1413 1356 1450 Accedit
1374 1413 1497 1450 etiam

164 1489 279 1522 mors,
311 1488 411 1525 quae
443 1475 557 1525 quasi
590 1488 728 1512 saxum
764 1475 953 1511 Tantalon
969 1487 1123 1523 semper
1162 1474 1376 1523 impendet,
1409 1477 1496 1510 tum

164 1537 404 1587 superstitiO,
443 1550 521 1586 qua
559 1537 627 1586 qui
665 1541 725 1574 est
756 1537 945 1583 imbutus,
977 1536 1134 1585 quietus
1165 1548 1246 1572 esse
1279 1547 1497 1585 numquam

164 1605 305 1652 potest.
387 1601 603 1637 Praeterea
653 1601 756 1638 bona
805 1601 1023 1650 praeterita
1079 1613 1159 1636 non
1214 1600 1497 1646 meminerunt,

165 1663 438 1733 praesentibus
466 1676 546 1699 non
575 1662 780 1709 fruuntur,
815 1662 955 1699 futura
980 1662 1093 1698 modo
1121 1665 1364 1711 exspectant,
1398 1673 1498 1710 quae

163 1726 257 1775 quia
298 1738 362 1762 cei
364 1729 408 1761 ta
445 1737 526 1761 esse
565 1737 645 1761 non
684 1729 860 1773 possunt,
899 1723 1164 1761 conficiuntur
1200 1727 1240 1760 et
1273 1735 1420 1772 angore
1457 1727 1498 1759 et

166 1791 276 1823 metu
305 1787 555 1835 maximeque
583 1786 826 1831 eluciantur,
847 1798 936 1822 cum
966 1798 1050 1822 sero
1069 1784 1249 1822 sentiunt
1276 1784 1430 1821 frustra
1456 1796 1498 1820 se

165 1852 238 1885 aut
265 1849 455 1897 pecuniae
475 1847 670 1884 studuisse
689 1851 761 1883 aut
790 1834 964 1896 imperiis
982 1851 1052 1883 aut
1073 1847 1210 1896 opibus
1237 1850 1309 1882 aut
1336 1846 1495 1896 gloriae.

165 1910 309 1947 Nullas
355 1909 460 1946 enim
498 1913 795 1957 consequuntur
835 1908 1075 1956 voluptates,
1114 1920 1285 1956 quarum
1322 1907 1498 1957 potiendi

164 1987 232 2024 spe
277 1974 516 2010 inflammati
562 1973 708 2009 multos
752 1973 905 2009 labores
955 1984 1196 2022 magnosque
1232 1975 1496 2021 susceperant.

170 2037 231 2074 61.
261 2036 362 2072 Ecce
389 2039 525 2071 autem
555 2035 623 2071 alii
652 2035 799 2070 minuti
827 2038 867 2071 et
895 2035 1057 2083 angusti
1084 2038 1157 2070 aut
1184 2034 1318 2071 omnia
1346 2047 1498 2084 semper

165 2102 417 2150 desperantes
436 2103 508 2136 aut
528 2099 723 2145 malevoli,
743 2099 878 2145 invidi,
901 2098 1086 2154 diffi9iles,
1106 2098 1284 2148 lucifugi,
1305 2098 1496 2144 maledici,

165 2162 320 2209 morosi,
349 2161 418 2197 alii
446 2164 583 2197 autem
612 2161 735 2197 etiam
763 2156 968 2196 amatoriis
1001 2159 1235 2196 levitatibus
1261 2159 1394 2205 dediti,
1427 2160 1498 2197 alii

166 2224 404 2273 petulantes,
439 2222 505 2259 alii
536 2222 715 2268 audaces,
746 2222 934 2272 protervi,
963 2222 1080 2258 iidem
1113 2222 1425 2271 intemperantes
1456 2226 1497 2258 et

165 2285 314 2335 ignavi,
335 2296 554 2332 numquam
574 2283 617 2320 in
637 2285 840 2320 sententia
859 2286 1148 2332 permanentes,
1167 2295 1266 2331 quas
1285 2283 1334 2319 ob
1361 2296 1498 2320 causas
