1597 2568
653 623 718 664 CI
735 624 765 664 (“
782 624 916 663 1⁴:1³0

370 722 505 785 DE
590 722 1070 795 FINIBUS,
1158 724 1214 786 1.

175 907 208 944 Ι.
268 908 302 945 1.
332 907 424 945 Non
450 921 557 946 eram
585 909 746 956 nescius,
777 911 914 957 Brute,
943 923 1044 957 cuni,
1083 924 1184 959 quae
1212 911 1373 946 summis
1401 911 1441 947 in

121 969 246 1019 geniis
281 970 558 1020 exquisitaque
597 971 776 1008 doctrina
815 972 1035 1021 philosophi
1083 973 1231 1008 Graeco
1277 984 1454 1009 sermone

120 1031 412 1078 tractavissent,
442 1044 486 1068 ea
518 1032 675 1069 Latinis
702 1032 850 1069 litteris
879 1033 1172 1078 mandaremus,
1207 1032 1289 1069 fore
1319 1037 1363 1069 ut
1391 1033 1453 1069 hic

121 1095 254 1130 noster
289 1093 401 1130 labor
439 1093 479 1129 in
518 1094 648 1130 varias
686 1094 1008 1143 reprehensiones
1045 1095 1277 1131 incurreret.
1346 1094 1451 1130 Nam

118 1154 369 1204 quibusdam,
389 1159 430 1192 et
449 1155 497 1191 iis
516 1155 674 1204 quidem
696 1169 775 1192 non
799 1155 1009 1193 admodum
1032 1156 1210 1201 indoctis,
1232 1159 1360 1192 totum
1381 1155 1452 1192 hoc

122 1215 313 1265 displicet,
342 1216 620 1265 philosophari.
681 1216 848 1261 Quidam
873 1221 1006 1254 autem
1039 1230 1118 1254 non
1147 1220 1231 1253 tam
1259 1216 1297 1252 id
1324 1229 1451 1266 repre-

122 1277 314 1323 hendunt,
335 1278 367 1313 si
396 1278 598 1315 remissius
626 1283 784 1327 agatur,
804 1278 869 1315 sed
899 1282 1059 1315 tantum
1088 1278 1263 1315 studium
1292 1282 1455 1327 tamque

121 1338 291 1376 multam
311 1351 469 1389 operam
495 1340 717 1389 ponendam
747 1340 788 1376 in
818 1353 861 1377 eo
890 1353 967 1377 non
997 1340 1262 1377 arbitrantur.
1322 1340 1453 1376 Erunt

118 1401 255 1446 etiam,
285 1403 326 1437 et
356 1401 383 1437 ii
412 1400 568 1449 quidem
608 1400 753 1437 eruditi
784 1401 943 1438 Graecis
972 1401 1128 1447 litteris,
1158 1404 1453 1438 contemnentes

122 1462 298 1508 Latinas,
333 1462 401 1512 qui
439 1475 478 1499 se
512 1462 647 1498 dicant
678 1463 718 1498 in
758 1463 918 1500 Graecis
947 1463 1121 1512 legendis
1148 1475 1304 1511 operam
1336 1462 1452 1499 malle

121 1536 362 1561 consumere.
423 1523 628 1560 Postremo
654 1523 806 1572 aliquos
833 1525 990 1561 futuros
1015 1525 1198 1574 suspicor,
1226 1524 1292 1572 qui
1318 1536 1377 1560 me
1402 1523 1452 1560 ad

120 1585 222 1623 alias
249 1585 409 1622 litteras
438 1589 589 1631 vocent,
619 1597 744 1633 genus
772 1585 843 1621 hoc
871 1585 1076 1631 scribendi,
1107 1585 1180 1622 etsi
1209 1585 1261 1621 sit
1279 1584 1451 1633 elegans,

121 1628 311 1697 persgnae
329 1650 466 1683 tamen
492 1650 533 1683 et
558 1646 765 1696 dignitatis
791 1659 873 1684 esse
898 1652 1055 1696 negent.
1115 1648 1148 1683 2.
1181 1649 1331 1682 Contra
1356 1658 1453 1694 quos

118 1709 248 1746 omnis
267 1707 474 1745 dicendum
496 1707 668 1744 breviter
687 1707 868 1744 existimo
884 1721 894 1754 3
923 1720 1165 1756 quamquam
1187 1707 1451 1756 philosophiae

120 1769 279 1820 quidem
299 1768 635 1818 vituperatoribus
655 1768 750 1805 satis
779 1780 1007 1818 responsum
1032 1772 1091 1805 est
1119 1781 1163 1805 eo
1193 1768 1302 1814 libro,
1323 1780 1400 1816 quo
1427 1782 1447 1803 a

119 1831 232 1869 nobis
243 1830 488 1881 philosophia
499 1829 660 1867 defensa
674 1834 715 1867 et
729 1830 953 1868 collaudata
965 1835 1036 1876 est,
1050 1843 1137 1867 cum
1151 1834 1252 1867 esset
1266 1835 1450 1866 accusata

120 1896 162 1930 et
180 1892 410 1942 vituperata
428 1891 479 1928 ab
500 1891 727 1928 Hortensio.
785 1891 862 1936 Qui
881 1892 981 1928 liber
1000 1905 1087 1928 cum
1109 1896 1150 1929 et
1169 1892 1241 1928 tibi
1263 1892 1450 1940 probatus

121 1953 323 1992 videretur
355 1956 396 1990 et
423 1953 481 1999 iis,
511 1965 608 2002 quos
636 1965 708 2003 ego
737 1965 846 2003 posse
874 1953 1047 1990 iudicare
1074 1953 1304 1998 arbitrarer,
1335 1953 1447 2002 plura

117 2015 271 2065 suscepi
290 2015 453 2060 veritus,
473 2026 523 2051 ne
543 2026 698 2051 movere
718 2014 923 2051 hominum
945 2015 1076 2051 studia
1095 2014 1258 2060 viderer,
1280 2015 1448 2051 retinere

118 2089 201 2116 non
227 2089 349 2128 posse.
405 2076 482 2120 Qui
511 2079 656 2122 autem,
678 2076 710 2112 si
739 2075 909 2112 maxime
935 2075 1006 2113 hoc
1025 2076 1190 2125 placeat,
1213 2075 1450 2111 moderatius

119 2142 257 2176 tamen
290 2136 330 2174 id
362 2136 503 2173 volunt
534 2137 634 2181 fieri,
668 2136 861 2174 difficilem
900 2136 1100 2185 quandam
1141 2136 1447 2185 temperantiam

117 2199 326 2250 postulant
344 2199 386 2235 in
414 2210 470 2245 eo,
500 2198 603 2247 quod
631 2198 749 2235 semel
777 2197 990 2235 admissum
1020 2198 1186 2235 coe‘rreri
1216 2197 1451 2246 reprimique

120 2273 202 2299 non
233 2264 376 2311 potest,
407 2264 454 2297 ut
485 2260 764 2310 moy-fimum
802 2259 1032 2297 iustioribus
1066 2264 1228 2296 utamur
1266 2259 1352 2304 illis,
1382 2258 1448 2306 qui

117 2322 282 2361 omnino
299 2325 464 2360 avocent
483 2335 507 2358 a
527 2321 785 2371 philosophia,
806 2334 926 2370 quam
953 2321 1025 2367 his,
1047 2322 1112 2369 qui
1140 2321 1255 2356 rebus
1284 2319 1450 2356 infinitis
