1617 2568
128 129 176 165 42
564 141 707 167 memo
738 142 787 167 m:
820 143 982 168 Fucinus
1011 143 1036 167 1.

126 245 254 281 neque
273 233 427 283 imperii
457 246 527 270 nec
556 234 761 270 libidinum
793 247 861 270 nec
890 234 1096 284 epularum
1126 246 1196 270 nec
1224 233 1465 283 reliquarum

126 295 404 345 cupiditatum,
434 309 533 344 quas
571 296 682 332 nulla
721 297 868 345 praeda.
909 287 1095 345 uinquam
1135 296 1312 344 improbe
1349 300 1466 345 parta

127 357 274 394 minuit
293 362 332 394 et
352 358 483 406 potius
501 358 739 403 inflammat,
761 362 807 394 ut
835 358 1037 395 coercendi
1067 357 1192 406 magis
1217 370 1338 406 quam
1357 357 1452 394 dedo

126 419 238 456 cendi
267 431 347 456 esse
386 419 609 456 videantur.
668 420 728 456 52.
761 420 916 457 Invitat
945 420 1069 473 igi-tur
1097 432 1191 456 vera
1228 419 1332 456 ratio
1369 420 1468 456 bene

126 494 240 517 sanos
285 481 334 517 ad
380 481 589 527 iustitiam,
627 481 885 530 aequitatem,
924 482 1052 518 fidem.
1137 481 1277 537 Neque
1316 481 1467 518 homini
1540 488 1601 529 ,so-³⁸

127 543 278 579 infanti
297 546 369 579 aut
388 540 597 592 impotenti
620 543 765 579 iniuste
787 543 895 580 facta
915 543 1151 587 conducunt,
1172 543 1240 592 qui
1260 555 1331 579 nec
1352 542 1468 579 facile
1485 506 1542 570 0)

127 606 278 641 efficere
298 605 430 653 possit,
452 605 555 653 quod
575 601 752 652 conetur,
773 618 842 642 nec
862 606 1052 651 obtinere,
1067 606 1098 642 si
1118 606 1302 650 effecerit,
1318 609 1359 641 et
1377 616 1469 654 opes

127 667 188 702 vel
208 666 394 702 fortunae
428 667 488 702 vel
521 667 668 715 ingenii
702 667 934 703 liberalitati
963 667 1086 715 magis
1115 667 1368 712 conveniunt,
1389 679 1469 715 qua

125 728 194 777 qui
229 731 412 774 utuntur,
442 729 748 783 benivolentiam
783 729 856 765 sibi
886 729 1100 765 conciliant
1133 732 1185 775 et,
1214 728 1318 778 quod
1349 728 1469 777 aptis-

125 791 269 826 simum
298 793 358 826 est
386 782 598 839 ad‘quiete
626 790 850 836 vivendum,
872 791 1096 836 caritatem,
1118 785 1350 839 praeseitim
1379 802 1468 826 cum

125 852 284 888 omnino
303 851 415 887 nulla
435 851 486 887 sit
505 864 624 887 causa
644 852 838 900 peccandi.
889 852 950 888 53.
980 852 1090 896 Quae
1109 852 1213 888 enim
1233 851 1470 901 cupiditates

126 927 150 950 a
178 917 327 950 natura
361 913 676 961 proficiscuntur,
707 913 824 949 facile
853 913 1064 962 explentur
1097 914 1179 950 sine
1208 913 1288 950 ulla
1307 913 1468 959 iniuria,

125 988 227 1025 quae
246 979 382 1012 autem
401 976 540 1012 inanes
560 968 666 1020 sunt,
686 976 734 1012 iis
762 976 981 1025 parendum
1002 986 1082 1012 non
1102 980 1173 1013 est.
1230 975 1343 1012 Nihil
1363 975 1468 1011 enim

125 1033 382 1075 desiderabile
400 1038 692 1086 concupiscunt,
714 1038 880 1086 plusque
899 1038 941 1075 in
960 1038 1045 1087 ipsa
1066 1038 1214 1074 iniuria
1233 1036 1466 1074 detrimenti

125 1103 185 1136 est
213 1113 333 1148 quam
366 1100 408 1136 in
436 1100 483 1135 iis
510 1100 629 1135 rebus
658 1097 925 1146 emolumenti,
945 1112 1048 1149 quae
1075 1100 1291 1149 pariuntur
1309 1098 1468 1136 injuria.
1492 1101 1500 1145 l

127 1162 273 1210 Itaque
293 1174 342 1198 ne
361 1160 557 1197 iustitiam
586 1161 743 1210 quidem
772 1165 879 1198 recte
906 1162 995 1210 quis
1023 1157 1175 1197 dixerit
1195 1174 1265 1210 per
1284 1173 1324 1197 se
1342 1160 1470 1209 ipsam
1488 1148 1496 1215 i

111 1211 350 1273 bptabilem,
367 1223 435 1260 sed
453 1223 545 1272 quia
563 1223 825 1259 iucunditatis
845 1223 907 1259 vel
928 1223 1143 1272 plurimum
1165 1222 1318 1259 afferat.
1362 1223 1470 1260 Nam

127 1288 297 1337 diligi'et
317 1300 453 1324 carum
482 1300 563 1324 esse
591 1286 808 1324 iucundum
838 1291 897 1323 est
925 1291 1147 1336 propterea,
1169 1287 1264 1335 quia
1282 1286 1471 1348 tutiorem

126 1350 253 1386 vitam
282 1353 322 1386 et
351 1350 605 1398 voluptatum
634 1349 849 1398 pleniorem
879 1349 1007 1386 efficit.
1066 1349 1212 1398 Itaque
1240 1362 1321 1386 non
1349 1349 1398 1385 ob
1425 1361 1472 1386 ea

125 1411 251 1448 solum
279 1406 550 1456 incommoda,
569 1423 670 1460 quae
699 1408 889 1447 eveniunt
917 1408 1114 1459 improbis}
1145 1409 1375 1459 fugiendam
1402 1410 1472 1447 im-
1564 1420 1581 1447 *t

126 1473 586 1522 probitatem-putamus,
607 1472 672 1508 sed
702 1472 829 1508 multo
857 1472 990 1508 etiam'
1006 1472 1143 1521 magis,
1164 1472 1280 1520 quod,
1300 1472 1411 1508 cuius
1430 1471 1472 1508 in
1560 1446 1609 1522 J*

127 1536 259 1571 animo
289 1525 486 1580 versatur,
514 1546 735 1584 numquam
765 1534 862 1570 sinit
896 1547 986 1570 eum
1014 1534 1222 1583 respirare,
1252 1546 1472 1582 numquam
1519 1531 1561 1575 §3

126 1596 382 1644 acquiescere.
442 1596 504 1632 54.
534 1595 679 1640 Quodsi
707 1608 758 1632 ne
776 1595 954 1645 ipsarum
974 1595 1132 1645 quidem
1152 1594 1352 1632 Virtutum
1370 1595 1475 1645 ΜΕ,
1486 1578 1533 1622 Ns&

80 1700 81 1703 Ἴ
127 1658 170 1694 111
200 1670 281 1706 qua
310 1646 485 1693 'maxime
515 1660 735 1693 ceterorum
768 1657 1089 1706 philosophorum
1122 1656 1299 1694 exsultat
1330 1657 1469 1703 oratio,

129 1719 300 1769 reperire
320 1719 472 1755 exitum
496 1722 643 1767 potest,
665 1719 740 1755 nisi
761 1718 966 1767 derigatur
986 1718 1038 1754 ad
1057 1717 1317 1767 voluptatem,
1338 1718 1471 1767 volup-

130 1786 193 1818 tas
212 1785 348 1817 autem
369 1784 429 1817 est
457 1781 551 1827 sola,
572 1793 674 1829 quae
703 1793 772 1816 nos
801 1784 911 1816 vocet
939 1780 989 1817 ad
1017 1792 1057 1816 se
1085 1784 1126 1816 et
1154 1780 1307 1816 alliciat
1331 1784 1474 1829 suapte

129 1847 290 1889 natura,
312 1855 391 1878 non
412 1845 543 1891 potest
563 1839 644 1878 esse
673 1842 848 1887 dubium,
870 1841 968 1890 quin
995 1841 1036 1877 id
1064 1841 1116 1877 sit
1135 1854 1333 1878 summum
1352 1844 1474 1890 atque

129 1909 351 1941 extremum
372 1905 564 1941 bonorum
593 1904 783 1949 omnium,
803 1904 996 1952 beateque
1024 1903 1157 1939 vivere
1175 1903 1275 1939 nihil
1294 1902 1403 1939 aliud
1421 1903 1474 1940 sit

863 1958 875 1971 φ

130 1968 204 2005 nisi
224 1981 313 2004 cum
336 1967 543 2016 voluptate
563 1967 705 2003 vivere.

183 2061 328 2098 XVII.
388 2061 450 2097 55.
481 2060 590 2096 Huic
618 2064 749 2096 certae
776 2060 988 2109 stabilique
1017 2060 1238 2097 sententiae
1266 2072 1369 2109 quae
1392 2061 1474 2097 sint

130 2124 356 2169 coniuncta,
376 2122 581 2171 explicabo
600 2123 721 2159 brevi.
779 2122 926 2159 Nullus
946 2123 987 2159 in
1007 2123 1101 2172 ipsis
1120 2135 1230 2159 error
1248 2126 1308 2159 est
1327 2122 1472 2159 finibus

131 2186 324 2222 bonorum
345 2188 386 2220 et
405 2184 613 2230 malorum,
634 2184 673 2220 id
702 2187 761 2220 est
782 2182 831 2221 'in
862 2185 1065 2234 voluptate
1084 2188 1156 2221 aut
1183 2185 1226 2221 in
1246 2184 1388 2231 dolore,

131 2248 174 2284 in
194 2247 241 2282 iis
260 2247 378 2282 rebus
397 2250 572 2295 peccant,
594 2250 694 2291 cuin,
711 2258 731 2281 e
746 2246 889 2294 quibus
908 2246 1004 2282 haec
1024 2246 1257 2291 efficiantur,
1272 2247 1463 2295 ignorant

131 2309 273 2344 Animi
293 2311 429 2344 autem
451 2307 675 2356 voluptates
704 2311 743 2343 et
773 2307 922 2344 dolores
942 2287 1050 2344 nasci
1069 2306 1245 2344 fatemur
1263 2319 1284 2343 e
1303 2307 1454 2356 corpori
