1617 2568
184 138 234 174 48
614 148 756 175 CICERO
786 149 838 175 DE
868 150 1030 176 FINIBUS
1060 151 1087 176 1.

181 240 441 290 expetendam
461 244 752 289 putemUS‚tota
765 242 941 278 amicitia
957 242 1071 291 quasi
1086 242 1309 279 claudicare
1321 243 1512 280 videatur.

180 303 327 351 Itaque
346 302 491 351 primos
510 314 737 350 congressus
752 302 1097 352 copulationesque
1126 308 1166 340 et
1186 304 1513 341 consuetudinum

179 363 518 400 instituendarum
553 362 778 400 voluntates
807 364 892 400 fieri
926 369 1088 413 propter
1120 365 1390 414 voluptatem3
1424 378 1513 402 cum

180 429 316 462 autem
333 438 426 461 usus
438 424 690 474 progrediens
705 423 1021 462 familiaritatem
1035 426 1217 472 effecerit,
1236 430 1325 462 tum
1341 439 1516 463 amorem

179 487 416 523 efflorescere
433 479 606 530 tantum,
627 490 686 532 ut,
706 485 864 523 etiamsi
883 486 995 523 nulla
1015 487 1066 523 sit
1087 487 1242 524 utilitas
1260 499 1308 524 ex
1326 488 1512 535 amicitia,

131 571 134 573 v
179 552 316 585 tamen
335 547 409 596 ipsi
428 547 544 584 amici
565 550 728 596 propter
747 560 787 584 se
805 548 908 597 ipsos
922 553 1119 585 amentur.
1178 549 1340 586 Etenim
1363 549 1396 586 si
1414 549 1512 597 loca,

179 610 213 648 si
232 610 341 655 fana,
363 610 395 646 si
415 609 542 655 urbes,
563 608 596 645 si
615 609 836 658 gymnasia,
857 610 889 646 si
908 623 1105 659 campum,
1126 610 1157 647 si
1179 623 1307 658 canes,
1328 611 1360 648 si
1380 624 1511 660 equos,

179 672 212 709 si
249 671 401 708 ludicra
437 670 643 708 exercendi
679 675 752 708 aut
789 672 962 708 venandi
1003 673 1285 710 consuetudine
1322 673 1513 711 adamare

178 734 358 779 solemus,
378 736 528 782 quanto
556 732 595 769 id
623 733 665 769 in
694 733 899 770 hominum
931 734 1214 771 consuetudine
1244 734 1400 772 facilius
1427 735 1512 772 fieri

178 797 325 846 poterit
362 799 403 832 et
439 795 606 832 iustius?
665 796 726 832 ΤΟ.
768 796 871 833 Sunt
909 800 1057 842 autem,
1096 797 1164 845 qui
1203 796 1339 834 dicant
1375 796 1513 834 foedus

177 870 260 895 csse
279 857 473 906 quoddam
493 856 743 905 sapientium,
761 861 807 893 ut
827 869 876 894 ne
897 858 1028 893 minus
1047 857 1191 894 amicos
1210 870 1331 906 quam
1351 870 1391 895 se
1409 858 1512 907 ipsos

178 920 359 969 diligant.
415 918 527 963 Quod
552 921 594 955 et
618 930 728 967 posse
755 918 841 954 fieri
869 918 1136 967 intellegimus
1160 922 1200 955 et
1219 931 1335 968 saepe
1353 919 1511 956 evenire

177 982 368 1028 videmus,
406 986 446 1018 et
483 980 733 1029 perspicuum
771 984 831 1016 est
867 980 968 1016 nihil
1006 981 1056 1017 ad
1093 980 1262 1018 iucunde
1298 980 1510 1018 vivendum

175 1043 340 1094 reperiri
359 1055 479 1092 posse,
500 1041 603 1091 quod
621 1041 894 1078 coniunctione
913 1042 987 1083 tali
1014 1042 1066 1078 sit
1084 1042 1227 1091 aptius.
1283 1042 1436 1087 Quibus
1461 1055 1510 1079 ex

175 1107 358 1144 omnibus
387 1104 552 1141 iudicari
581 1108 709 1153 potest
743 1116 822 1140 non
855 1104 968 1140 modo
996 1117 1076 1141 non
1110 1104 1291 1153 impediri
1312 1105 1508 1142 rationem

175 1169 386 1214 amicitiae,
407 1167 439 1203 si
458 1179 656 1203 summum
677 1166 824 1202 bonum
844 1165 886 1202 in
906 1166 1113 1215 voluptate
1133 1170 1319 1215 ponatur,
1341 1166 1408 1203 sed
1425 1160 1510 1203 sine

177 1232 249 1268 hoc
268 1229 563 1267 institutionem
583 1228 743 1264 omnino
763 1228 962 1264 amicitiae
981 1241 1061 1264 non
1081 1240 1192 1277 posse
1211 1227 1388 1276 reperiri.

229 1325 351 1364 XXI.
393 1324 452 1361 71.
484 1324 735 1372 Quapropter
749 1322 782 1359 si
801 1334 857 1366 ea,
873 1334 975 1371 quae
994 1322 1087 1368 dixi,
1103 1322 1181 1359 sole
1192 1323 1274 1371 ipso
1292 1322 1510 1359 illustriora

174 1392 216 1426 et
244 1388 409 1425 clariora
438 1389 545 1431 sunt,
575 1385 607 1421 si
635 1384 767 1420 omnia
798 1384 880 1420 dixi
909 1384 1054 1420 hausta
1085 1396 1106 1420 e
1131 1384 1243 1421 fonte
1271 1388 1455 1431 naturae,
1474 1384 1508 1420 si

173 1454 261 1488 tota
280 1449 408 1486 oratio
426 1452 564 1484 nostra
582 1459 739 1484 omnem
769 1446 843 1483 sibi
873 1446 990 1483 fidem
1023 1446 1199 1483 sensibus
1227 1446 1448 1492 confirmat,
1468 1445 1508 1482 id

174 1516 234 1550 est
266 1509 507 1559 incorruptis
539 1512 660 1557 atque
690 1508 857 1557 integris
885 1508 1066 1554 testibus,
1100 1508 1133 1544 si
1169 1507 1346 1545 infantes
1382 1507 1506 1557 pueri,

174 1576 312 1612 mutae
349 1572 471 1609 etiam
508 1570 658 1607 bestiae
694 1582 817 1619 paene
854 1569 1073 1619 loquuntur
1110 1570 1304 1619 magistra
1338 1582 1382 1606 ac
1412 1568 1508 1606 duce

175 1640 325 1673 natura
344 1633 445 1670 nihil
459 1645 543 1669 esse
563 1643 795 1681 prosperum
816 1631 892 1668 nisi
913 1631 1172 1681 voluptatem,
1193 1631 1293 1667 nihil
1320 1643 1506 1680 asperum

174 1698 252 1734 nisi
289 1696 472 1741 dolorem,
503 1693 551 1730 de
588 1693 732 1742 quibus
768 1704 897 1741 neque
930 1692 1146 1742 depravate
1172 1692 1352 1729 iudicant
1378 1703 1507 1741 neque

175 1762 371 1807 corrupte,
392 1768 524 1793 nonne
542 1755 578 1792 ei
598 1755 815 1791 maximam
844 1755 1018 1803 gratiam
1049 1754 1195 1790 habere
1221 1753 1417 1799 debemus,
1437 1752 1506 1802 qui

172 1822 250 1858 hac
269 1818 457 1857 exaudita
477 1816 589 1866 quasi
609 1828 700 1852 voce
719 1819 889 1852 naturae
914 1815 968 1851 sic
995 1828 1082 1852 eam
1111 1816 1223 1852 firme
1251 1815 1506 1865 graviterque

173 1872 526 1931 compreffiaenderit,
566 1882 613 1915 ut
641 1889 778 1914 omnes
814 1877 912 1914 bene
949 1889 1065 1914 sanos
1096 1877 1140 1914 in
1171 1877 1278 1913 viam
1309 1876 1504 1926 placatae,

127 1962 130 1963 ⁷
173 1942 427 1993 tranquillae,
447 1941 618 1989 quietae,
640 1939 778 1975 beatae
795 1938 904 1975 vitae
923 1938 1158 1976 deduceret?
1211 1938 1290 1983 Qui
1308 1938 1412 1987 quod
1429 1937 1506 1974 tibi

171 2018 315 2057 parum
342 2003 501 2040 videtur
527 2000 717 2047 eruditus,
742 2013 789 2037 ea
821 2013 938 2037 causa
967 2004 1038 2047 est,
1062 1999 1166 2049 quod
1196 1999 1350 2037 nullam
1379 1998 1506 2037 erudi-

172 2069 325 2106 tionem
343 2077 425 2102 esse
443 2063 569 2110 duxit,
588 2062 664 2099 nisi
683 2074 785 2111 quae
799 2061 941 2098 beatae
955 2062 1061 2098 vitae
1073 2061 1320 2110 disciplinam
1334 2061 1501 2100 iuvaret.

176 2131 240 2167 72.
285 2128 355 2165 An
386 2125 453 2162 ille
482 2129 640 2173 tempus
671 2127 744 2160 aut
774 2123 817 2160 in
849 2123 975 2172 poetis
1007 2122 1242 2170 evolvendis,
1273 2127 1321 2160 ut
1356 2135 1428 2173 ego
1463 2126 1505 2159 et

172 2190 353 2229 Triarius
370 2192 412 2225 te
436 2186 641 2223 hortatore
668 2185 847 2231 facimus,
877 2188 1135 2231 consumeret,
1154 2184 1197 2221 in
1223 2185 1366 2234 quibus
1391 2183 1505 2221 nulla

174 2252 299 2290 solida
330 2249 486 2287 utilitas
519 2247 723 2295 omnisque
755 2246 917 2296 puerilis
948 2249 1008 2283 est
1037 2245 1257 2292 delectatio,
1277 2249 1349 2283 aut
1376 2257 1428 2292 se,
1457 2248 1506 2282 ut

175 2315 307 2360 Plato,
326 2312 368 2348 in
387 2310 554 2354 musicis,
571 2308 800 2357 geometria,
820 2307 1007 2354 numeris,
1020 2308 1139 2344 astris
1157 2311 1388 2354 contereret,
1401 2318 1506 2356 quae
