1597 2568
657 138 725 165 vn.
759 128 820 172 24,
845 129 904 164 25.
1405 135 1450 171 :31

121 230 425 279 Cyrenaicisque
464 229 602 267 melius·
640 229 878 280 liberiusque
918 231 1158 273 defenditur,
1198 241 1331 272 tamen
1369 238 1452 273 eius

120 291 222 328 mo‘di
249 304 330 328 esse
360 291 497 338 iudico,
520 296 564 329 ut
594 292 691 328 nihil
724 293 880 329 hominu
910 294 1091 331 videatur
1121 296 1328 353 indignius.
1387 299 1449 334 Ad

120 365 183 389 ma
225 367 269 390 ra
297 355 402 390 'enim
431 353 623 404 quaedam
652 367 721 390 nos
756 360 900 390 natura
932 357 1068 404 genuit
1104 362 1143 392 ct
1176 359 1449 403 conformavit,

118 421 171 452 ut*
233 415 288 452 ihi
322 415 477 465 quidem
508 415 676 452 videtur.
748 417 809 452 Ao
840 417 922 453 fieri
958 422 1097 466 potest.
1133 424 1175 455 ut
1211 432 1349 465 errem,
1383 422 1448 458 sed

117 476 174 512 ita
194 489 233 526 pl
267 489 351 513 rsus
370 477 561 522 existimo,
584 489 709 526 neque
729 490 818 513 eum
840 478 1099 526 Torquatum.
1121 481 1188 528 qui
1209 480 1279 517 hoc
1299 482 1447 530 primus

115 550 237 587 cogno
263 538 328 574 ‘en
359 538 524 577 invenit.
553 543 625 574 aut
656 542 837 587 torquem
868 539 980 576 illum
1013 540 1113 576 hosti
1143 541 1372 589 detraxisse,
1403 549 1447 580 ut

115 600 250 649 aliqua
329 612 377 636 ex
415 612 458 636 eo
497 600 716 649 perciperet
754 613 911 650 corpore
950 601 1208 650 voluptatem,
1248 609 1319 640 aut
1357 618 1445 642 cum

118 661 273 699 Latinis
302 662 421 698 tertio
448 662 656 698 consulatu
690 662 910 699 conflixisse
939 664 1043 712 apud
1075 664 1256 701 Veserim
1286 671 1446 716 propter

114 723 232 772 volup
299 735 372 760 em.
430 723 542 767 Quod
574 735 665 759 vero
698 725 824 760 securi
854 726 1043 773 percussit
1076 726 1199 762 filium
1234 728 1446 776 privavisse

110 797 151 822 se
182 784 303 822 etiam
344 784 502 822 videtur
539 785 677 822 multis
710 786 997 834 voluptatibus,
1032 800 1120 824 cum
1160 789 1242 844 ipsi
1272 795 1443 827 naturae

110 847 318 896 patrioque
351 847 475 883 amori
506 847 743 896 praetulerit
773 848 833 883 iu>¹
865 849 1085 885 maiestatis
1119 854 1238 898 atque
1276 851 1441 900 imperii.

112 908 173 945 24.
203 908 330 953 Quid?
400 908 441 946 T.
472 908 709 958 TorquatuS,
740 909 772 945 is
798 909 865 958 qui
892 910 1027 946 consul
1057 924 1145 947 cum
1176 911 1247 948 Cn.
1278 912 1443 950 Octavio

108 969 200 1015 fuit,
232 983 322 1007 cum
355 971 465 1023 illam
495 971 749 1008 severitatem
776 972 817 1008 in
846 984 891 1008 eo
917 971 996 1008 filio
1029 972 1225 1019 adhibuit,
1254 987 1369 1024 quem
1400 975 1442 1012 in

107 1032 358 1082 adoptionem
384 1033 433 1070 D.
466 1033 599 1070 Silano
627 1033 961 1082 emancipaverat,
982 1039 1028 1071 ut
1056 1047 1145 1071 eum
1177 1035 1439 1074 Macedonum

107 1094 248 1144 legatis
267 1095 557 1139 accusantibus,
579 1093 681 1143 quod
710 1095 896 1143 pecunias
914 1100 1137 1144 praetorem
1168 1097 1210 1134 in
1238 1098 1440 1146 provincia

106 1156 252 1205 cepisse
288 1161 516 1206 arguerent,
551 1167 708 1192 causam
747 1155 853 1205 apud
890 1168 930 1193 se
963 1156 1090 1193 dicere
1127 1157 1282 1195 iuberet
1320 1171 1439 1208 reque

105 1231 154 1256 ex
173 1222 344 1268 utraque
364 1222 480 1267 parte
500 1217 638 1254 audita
658 1219 938 1267 pronuntiaret
959 1231 1047 1255 eum
1069 1232 1148 1256 non
1170 1220 1291 1257 talem
1312 1221 1436 1258 videri

104 1280 224 1318 fuisse
267 1281 309 1317 in
358 1281 534 1329 imperio,
579 1279 717 1328 quales·
762 1280 846 1316 eius
892 1280 1060 1318 maiores
1097 1281 1278 1328 fuissent,
1317 1287 1357 1320 et
1394 1283 1436 1320 in

104 1346 355 1392 conspectum
384 1354 499 1378 suum
528 1341 662 1378 venire
691 1342 832 1387 vetuit,
864 1343 1057 1392 numquid
1089 1344 1164 1380 tibi
1197 1344 1356 1382 videtur
1388 1345 1435 1383 de

103 1404 376 1453 voluptatibus
405 1403 485 1440 suis
515 1403 770 1452 cogitavisse?
838 1403 913 1440 Sed
947 1408 992 1440 ut
1027 1405 1211 1442 omittam
1245 1405 1433 1455 pericula,

102 1466 266 1512 labores,
295 1465 466 1502 dolorem
493 1465 628 1511 etiam,
659 1477 775 1513 quem
805 1465 978 1514 optimus
1007 1466 1173 1515 quisque
1201 1480 1272 1516 pro
1300 1469 1434 1517 patria

101 1531 141 1565 et
159 1540 231 1578 pro
249 1528 330 1565 suis
354 1527 528 1577 suscipit,
549 1531 596 1563 ut
624 1539 703 1563 non
732 1526 846 1564 modo
865 1527 1020 1565 nullam
1048 1532 1195 1577 captet,
1216 1529 1282 1565 sed
1310 1530 1431 1567 etiam

100 1592 324 1639 praeteer
355 1600 490 1626 omnes
521 1588 758 1637 voluptates,
787 1588 938 1625 dolores
967 1589 1137 1639 denique
1165 1591 1323 1639 quosvis
1350 1603 1432 1628 sus-

99 1651 228 1700 cipere
245 1650 360 1688 malit
378 1663 498 1700 quam
519 1649 696 1687 deserere
716 1649 840 1686 ullam
859 1650 973 1687 officii
992 1655 1159 1699 partem,
1180 1651 1230 1688 ad
1250 1664 1308 1698 ea,
1328 1665 1430 1702 quae

99 1712 172 1750 hoc
196 1725 277 1750 non
304 1712 437 1749 minus
459 1711 675 1758 declarant,
705 1711 772 1748 sed
801 1711 990 1748 videntur
1017 1704 1426 1759 leviora,'veniamus.

99 1774 162 1812 25.
196 1773 300 1818 Quid
330 1773 416 1820 tibi,
446 1773 657 1822 Torquate,
687 1772 781 1821 quid
814 1772 905 1810 huic
942 1773 1096 1811 Triario
1133 1774 1304 1822 litterae,
1335 1776 1428 1825 quid

98 1831 557 1885 historiae'cognitioque
584 1846 730 1880 rerum,
760 1833 854 1882 quid
883 1825 1092 1884 poetarum
1120 1835 1304 1884 evolutio,
1334 1838 1428 1887 quid

94 1900 212 1935 tanta
241 1900 302 1934 tot
335 1896 520 1933 vers'uum
549 1896 740 1933 memoria
769 1895 987 1945 voluptatis
1015 1896 1158 1935 affert?
1218 1898 1302 1936 Nec
1330 1899 1427 1936 mihi

95 1958 193 1996 illud
205 1957 372 1996 dixeris:
404 1961 426 1977 “
441 1957 553 1994 Haec
568 1957 672 1994 enim
695 1957 779 2007 ipsa
799 1957 896 1994 mihi
916 1962 1010 1994 sunt
1023 1957 1233 2008 voluptati,
1249 1964 1290 1996 et
1309 1964 1427 1998 erant

93 2020 163 2058 illa
182 2019 431 2070 Torquatis.'’
486 2019 719 2069 Numquam
734 2019 806 2056 hoc
825 2019 883 2056 ita
900 2019 1078 2057 defendit
1092 2020 1287 2070 Epicurus
1299 2035 1426 2072 neque

93 2073 354 2120 Metrodorus
374 2085 446 2118 aut
474 2081 686 2130 quisquam
714 2093 863 2126 eorum,
893 2081 962 2130 qui
990 2085 1062 2118 aut
1090 2087 1248 2132 saperet
1276 2083 1425 2133 aliquid

92 2148 166 2182 aut
182 2144 262 2182 ista
281 2143 489 2180 didicisset.
546 2138 601 2179 Et
620 2142 725 2192 quod
745 2142 953 2191 quaeritur
972 2155 1099 2191 saepe,
1113 2156 1183 2180 cur
1201 2147 1286 2180 tam
1307 2145 1423 2182 multi

91 2207 174 2244 sint
200 2193 399 2256 Epicurei,
418 2207 514 2242 sunt
542 2192 646 2242 aliae
668 2216 825 2253 quoque
852 2216 1006 2249 causae,
1027 2204 1094 2241 sed
1122 2205 1419 2242 multitudinem

91 2267 188 2305 haec
213 2261 387 2304 maxime
415 2265 552 2312 allicit,
571 2265 676 2315 quod
704 2265 760 2302 ita
791 2269 939 2314 putant
967 2265 1041 2302 dici
1070 2266 1120 2303 ab
1148 2266 1224 2313 illo,
1255 2271 1362 2304 recta
1381 2272 1422 2304 et
