1617 2568
141 125 191 161 24
575 137 718 164 emmo
746 137 799 163 DE
828 137 991 164 mmsscs
1020 138 1047 164 1.

142 228 300 265 modum
331 229 580 266 constituant
612 229 654 266 in
691 242 812 280 reque
850 243 894 267 eo
931 231 1100 276 meliore,
1135 242 1213 279 quo
1251 229 1378 267 maior
1409 230 1476 277 sit,

141 290 453 328 mediocritatem
496 291 732 329 desiderent.
791 293 826 330 3.
859 292 949 330 Sive
990 293 1097 330 enim
1144 291 1194 329 ad
1235 291 1474 342 sapientiam

140 352 338 402 perveniri
356 356 499 402 potest,
521 366 600 390 non
629 354 811 403 paranda
840 354 952 391 nobis
981 355 1107 391 solum
1136 367 1183 391 ea
1210 353 1277 391 sed
1305 353 1475 391 fruenda

140 414 263 451 etiam
283 418 342 451 est
355 429 365 461 3
394 415 476 452 sive
496 415 568 452 hoc
592 415 748 452 difficile
773 420 844 462 est,
866 421 1000 453 tamen
1023 429 1094 453 nec
1120 415 1258 453 modus
1283 419 1343 453 est
1370 415 1478 453 ullus

139 476 407 527 investigandi
440 477 536 524 veri,
569 478 646 514 nisi
676 478 886 525 inveneris,
921 483 961 516 et
995 479 1211 528 quaerendi
1244 477 1476 527 defetigatio

140 539 271 588 turpis
282 544 352 585 est,
367 552 456 576 cum
468 540 520 586 id,
534 540 638 588 quod
652 541 872 589 quaeritur,
885 541 938 578 sit
952 540 1273 591 pulcherrimum.
1313 540 1475 578 Etenim

140 601 173 637 si
201 601 453 647 delectamur,
476 615 564 639 cum
593 602 812 650 scribimus,
832 604 920 653 quis
949 608 1008 641 est
1038 608 1120 640 tam
1149 603 1318 648 invidus,
1337 602 1406 652 qui
1424 602 1480 639 ab

139 675 183 700 eo
203 676 273 700 nos
292 663 489 701 abducat?
519 665 581 701 sin
600 664 839 711 laboramus,
860 666 949 715 quis
968 670 1039 711 est,
1053 666 1121 715 qui
1141 666 1296 702 alienae
1316 664 1475 702 modum

139 729 292 762 statuat
328 726 577 764 industriae?
633 727 742 764 Nam
780 732 827 764 ut
864 729 1128 765 Terentianus
1166 728 1355 765 Chremes
1391 739 1475 764 non

138 787 396 835 inhumanus,
425 788 495 838 qui
524 801 671 826 novum
701 789 874 826 vicinum
902 802 983 826 non
1011 789 1099 826 vult

247 875 392 913 Fodere
411 878 481 912 cczZt
501 889 616 914 arare
634 883 704 913 (cut
725 876 997 925 (iliquidferre
1016 877 1179 925 denique

140 964 237 1013 (non
256 965 362 1001 enim
380 964 494 1001 illum
514 965 565 1001 ab
583 964 793 1011 industria,
815 965 882 1002 sed
901 965 953 1001 ab
978 965 1161 1002 illiberali
1188 964 1322 1001 labore
1352 963 1477 1000 deter-

138 1024 230 1076 ret),
269 1025 323 1062 sic
360 1025 427 1062 isti
465 1026 620 1072 curiosi,
659 1039 757 1075 quos
795 1026 958 1064 offendit
996 1030 1130 1063 noster
1167 1025 1329 1062 minime
1365 1023 1482 1062 nobis

137 1087 379 1125 iniucundus
406 1088 529 1125 labor.

192 1233 250 1270 II.
309 1233 343 1269 4.
376 1233 433 1269 Iis
453 1233 578 1282 igitur
598 1237 656 1270 est
677 1234 874 1271 difficilius
892 1234 990 1271 satis
1009 1233 1150 1280 facere,
1173 1235 1241 1283 qui
1267 1245 1307 1270 se
1333 1232 1480 1270 Latina

138 1295 286 1344 scripta
313 1294 451 1331 dicunt
480 1298 741 1333 contemnere.
801 1296 853 1331 In
884 1295 1027 1344 quibus
1051 1295 1123 1332 hoc
1151 1295 1325 1344 primum
1351 1297 1411 1331 est
1434 1294 1482 1330 in

138 1369 216 1406 quo
236 1356 421 1402 admirer,
442 1369 512 1393 cur
531 1357 574 1393 in
593 1357 837 1406 gravissimis
856 1357 973 1394 rebus
992 1370 1072 1394 non
1087 1357 1255 1394 delectet
1269 1369 1333 1393 eos
1352 1368 1481 1393 sermo

143 1419 311 1468 patrius,
341 1431 430 1454 cum
458 1418 576 1455 iidem
605 1418 774 1455 fabellas
803 1419 971 1455 Latinas
999 1418 1052 1455 ad
1079 1418 1244 1455 verbum
1272 1430 1293 1455 e
1322 1417 1484 1455 Graecis

140 1492 342 1529 expressas
362 1493 442 1517 non
461 1479 581 1516 inviti
599 1479 745 1529 legant.
805 1480 902 1525 Quis
921 1480 1027 1517 enim
1042 1484 1127 1517 tam
1147 1479 1334 1516 inimicus
1352 1491 1479 1529 paene

142 1542 292 1579 nomini
329 1542 512 1578 Romano
549 1546 620 1588 est,
655 1542 724 1590 qui
761 1542 884 1578 Ennii
923 1542 1108 1579 Medeam
1147 1545 1220 1578 aut
1257 1541 1479 1591 Antiopam

142 1604 303 1640 Pacuvii
323 1607 487 1652 spernat
507 1608 579 1640 aut
599 1604 750 1649 reiciat,
771 1603 875 1653 quod
894 1616 934 1640 se
954 1603 1091 1641 iisdem
1111 1603 1313 1653 Euripidis
1332 1602 1484 1640 fabulis

141 1656 329 1702 delectari
366 1666 482 1711 dicat,
515 1665 680 1702 Latinas
707 1666 863 1703 litt-eras
891 1665 1046 1703 oderit?
1105 1665 1360 1715 Synephebos
1395 1677 1478 1714 ego,

140 1727 286 1776 inquit,
306 1728 448 1776 potius,
464 1727 624 1765 Caecilii
637 1733 709 1765 aut
720 1728 920 1764 Andriam
935 1728 1111 1765 Terentii
1125 1741 1248 1778 quam
1264 1731 1483 1777 utramque

144 1789 359 1826 Menandri
377 1789 534 1838 legam?
591 1790 625 1827 5.
656 1790 695 1826 A
725 1790 868 1839 quibus
896 1794 1058 1826 tantum
1087 1790 1287 1836 dissentio,
1309 1794 1367 1836 ut,
1389 1801 1479 1826 cum

143 1850 352 1900 Sophocles
388 1850 469 1903 {Q
488 1851 635 1901 optime
681 1852 883 1900 scripserit
931 1851 1147 1899 Electram,
1194 1856 1330 1888 tamen
1375 1850 1484 1888 male

142 1924 371 1950 conversam
404 1912 524 1949 Atilii
554 1912 652 1949 mihi
685 1913 893 1962 legendam
923 1917 1072 1962 putem,
1107 1912 1154 1950 de
1183 1925 1261 1962 quo
1294 1913 1481 1950 Licinus:

143 1974 428 2011 “Ferreum
455 1975 693 2023 scriptor
707 1988 724 2012 e
738 1988 776 2011 m
789 1973 807 1988 '’
822 1975 839 2011 !
894 1974 1061 2021 Verum,
1078 1975 1228 2024 opinor,
1248 1975 1479 2024 scriptorem

142 2041 292 2083 tamen,
331 2040 377 2073 ut
414 2036 604 2085 legendus
641 2036 705 2073 sit.
784 2036 938 2074 Rudem
977 2038 1082 2074 enim
1121 2049 1203 2074 esse
1240 2037 1400 2074 omnino
1437 2036 1483 2073 in

142 2099 288 2135 nostris
323 2098 450 2148 poetis
486 2102 557 2135 aut
594 2097 860 2141 inertissimae
897 2099 1091 2147 sethiae
1127 2103 1188 2136 est
1223 2103 1297 2136 aut
1328 2098 1483 2136 fastidii

140 2160 418 2207 delicatissimi.
477 2159 581 2197 Mihi
618 2159 778 2210 quidem
815 2160 916 2197 nulli
953 2161 1051 2197 satis
1088 2161 1235 2198 eruditi
1271 2161 1482 2207 Videntur,

142 2223 286 2271 quibus
313 2225 451 2259 nostra
478 2222 617 2271 ignota
645 2226 752 2259 sunt.
808 2222 878 2259 An

255 2317 415 2354 Utimim
438 2330 482 2354 ne
502 2317 546 2354 in
567 2330 715 2354 nemore
745 2346 915 2355 .....
