1617 2568
153 165 202 201 40
584 174 726 202 CICERO
755 174 806 199 DE
836 173 996 199 FINIBL’S
1025 174 1050 198 1.

153 266 215 304 47.
246 267 472 317 Eademque
500 267 654 304 ratione
682 279 731 303 ne
758 266 1062 315 temperantiam
1082 265 1239 314 quidem
1258 267 1418 313 propter
1437 275 1477 300 se

150 329 411 377 expetendam
427 341 508 366 esse
523 329 706 374 dicemus
720 328 785 364 sed
797 329 891 377 quia
906 339 1039 377 pacem
1053 327 1194 363 animis
1206 326 1346 362 afferat
1359 329 1400 362 et
1414 337 1478 362 eos

149 391 262 438 quasi
282 391 484 427 concordia
503 390 673 440 quadam
702 389 831 439 placet
859 402 904 426 ac
923 389 1058 425 leniat.
1116 387 1395 436 Temperantia
1417 390 1477 423 est

149 451 265 496 enim,
287 464 398 500 quae,
418 452 460 488 in
472 452 589 488 rebus
604 455 675 488 aut
690 450 919 500 expetendis
930 455 999 486 aut
1011 449 1209 499 fugiendis
1222 452 1268 485 ut
1281 448 1474 485 rationem

149 525 372 561 sequamur,
393 517 538 550 monet.
588 513 672 550 Nec
691 512 795 549 enim
815 513 912 549 satis
931 516 990 548 est
1008 511 1192 563 iudicare,
1214 509 1307 559 quid
1327 509 1472 546 facien-

147 574 241 611 dum
274 588 353 611 non
382 574 657 612 faciendumve
690 575 754 620 sit,
784 573 850 611 sed
880 578 987 610 stare
1014 573 1134 626 etiam
1163 575 1319 621 oportet
1346 572 1388 608 in
1416 584 1472 618 eo,

145 635 249 685 quod
281 637 332 673 sit
364 637 593 674 iudicatum.
652 636 837 684 Plerique
870 640 1016 681 autem,
1049 629 1153 683 quod
1182 638 1318 670 tenere
1350 622 1472 682 atque

146 709 302 734 servare
317 697 366 744 id,
377 698 479 747 quod
494 699 568 747 ipsi
583 701 826 742 statuerunt,
843 710 922 733 non
935 695 1209 745 possunt,victi
1222 699 1262 731 et
1277 694 1473 731 debilitati

146 759 297 796 obiecta
309 760 433 809 specie
444 760 661 810 voluptatis
675 759 842 796 tradunt
856 771 895 795 se
912 758 1138 794 libidinibus
1153 755 1474 806 constringendos

144 833 225 867 nec⁷
246 821 341 869 quid
360 825 597 857 eventurum
617 821 679 866 sit⁷
700 819 909 869 provident
929 819 978 855 ob
997 831 1162 867 eamque
1181 831 1340 855 eausam
1361 830 1472 866 prop-

143 886 206 919 ter
233 883 478 932 voluptatem
499 888 538 920 et
559 896 723 932 parvam
753 886 793 918 et
812 895 891 918 non
921 882 1191 926 necessariam,
1213 885 1253 917 et
1281 892 1383 929 quae
1410 879 1472 916 vel

141 945 260 981 aliter
287 948 511 994 pararetur,
540 948 585 994 et<
609 957 688 993 qua
716 944 839 980 etiam
867 955 1000 980 carere
1029 946 1188 1001 possent
1217 942 1301 978 sine
1329 941 1471 987 dolore,

140 1010 228 1043 tum
256 1007 300 1043 in
319 1007 473 1043 morbos
500 1006 643 1055 gravis,
665 1009 751 1041 tum
772 1004 813 1040 in
843 1005 1002 1050 damna,
1024 1009 1111 1040 tum
1131 1003 1172 1040 in
1200 1003 1387 1039 dedecora
1413 1002 1471 1039 in-

139 1072 317 1114 currunt,
331 1081 446 1117 saepe
465 1068 586 1104 etiam
601 1067 733 1116 legum
749 1065 1062 1114 iudiciorumque
1076 1065 1211 1114 poenis
1230 1064 1469 1113 obligantur.

141 1130 202 1166 48.
232 1129 309 1174 Qui
328 1133 463 1166 autem
482 1129 541 1165 ita
560 1128 642 1165 frui
662 1128 802 1164 volunt
821 1127 1107 1176 voluptatibus⁷
1125 1130 1171 1163 ut
1190 1126 1290 1163 nulli
1309 1129 1471 1175 propter

139 1203 206 1228 eas
223 1181 517 1239 consequantur
537 1190 698 1235 dolores,
721 1196 760 1225 et
781 1188 848 1237 qui
868 1201 983 1225 suum
1003 1187 1191 1224 iudicium
1211 1187 1400 1232 retinent,
1421 1199 1471 1223 ne

139 1252 344 1301 voluptate
373 1251 469 1288 victi
497 1250 647 1288 faciant
675 1250 726 1297 id,
757 1250 860 1298 quod
898 1249 1074 1285 sentiant
1103 1262 1183 1286 non
1213 1261 1294 1285 esse
1322 1248 1468 1285 facien-

137 1313 243 1358 dum,
264 1313 292 1349 ii
310 1313 556 1362 voluptatem
576 1312 793 1348 maximam
813 1311 1089 1360 adipiscuntur
1108 1310 1464 1359 praetermittenda

136 1375 351 1424 voluptate.
394 1374 536 1411 'Iidem
556 1374 677 1410 etiam
706 1373 878 1410 dolorem
898 1385 1012 1422 saepe
1039 1373 1330 1422 perpetiuntur,
1349 1385 1410 1419 ne,
1431 1373 1464 1410 si

137 1436 176 1473 id
205 1449 284 1473 non
311 1435 475 1483 faciant,
495 1435 673 1472 incidant
701 1436 744 1471 in
773 1435 973 1472 maiorem.
1031 1434 1095 1470 Ex
1122 1447 1199 1484 quo
1226 1434 1466 1485 intelligitur

135 1511 205 1535 nec
233 1498 585 1547 intemperantiam
614 1501 775 1547 propter
804 1509 844 1533 se
872 1509 953 1533 esse
981 1495 1214 1550 fugiendam
1242 1499 1465 1555 temperan-

134 1560 313 1608 tiamque
341 1559 614 1609 eipetendam,
634 1572 714 1596 non
734 1559 828 1607 quia
856 1558 1084 1607 voluptates
1112 1557 1257 1607 fugiat,
1277 1557 1344 1594 sed
1371 1558 1466 1607 quia

136 1622 303 1658 maiores
321 1625 596 1670 consequatur.

189 1716 285 1752 XV.
316 1715 378 1752 49.
410 1714 560 1751 Eadem
587 1713 834 1751 fortitudinis
853 1715 957 1750 ratio
975 1714 1205 1763 reperietur.
1260 1712 1369 1750 Nam
1397 1726 1463 1751 ne-

136 1791 211 1827 que
230 1777 410 1814 laborum
429 1775 650 1826 perfunctio
678 1788 804 1824 neque
823 1776 1018 1825 perpessio
1037 1775 1214 1811 dolorum
1232 1788 1304 1824 per
1321 1788 1362 1812 se
1379 1775 1465 1825 ipsa

136 1839 259 1875 allicit
278 1851 349 1875 nec
368 1838 562 1888 patientia
575 1850 646 1874 nec
665 1837 878 1873 assiduitas
896 1849 968 1874 nec
987 1836 1144 1886 vigiliae
1163 1849 1234 1873 nec
1253 1837 1349 1886 ipsa,
1362 1850 1465 1886 quae

136 1896 337 1946 laudatur,
357 1899 568 1943 industria,
589 1912 639 1936 ne
658 1898 854 1935 fortitudo
874 1898 1132 1947 quidem‚·sed
1151 1898 1229 1934 ista
1248 1898 1462 1947 sequimur,

136 1966 183 1999 ut
201 1962 283 1998 sine
302 1974 397 1998 cura
416 1964 604 2009 metuque
623 1960 802 1996 vivamus
831 1959 1088 2008 animumque
1107 1963 1147 1996 et
1166 1972 1316 2009 corpus,
1336 1973 1462 2009 quan-

135 2021 223 2061 tum
243 2024 390 2060 efficere
409 2022 611 2071 possimus,
631 2021 809 2058 molestia
828 2021 1050 2057 liberemus.
1120 2021 1181 2058 Ut
1200 2022 1305 2057 enim
1325 2022 1464 2059 mortis

135 2088 245 2122 metu
264 2083 390 2120 omnis
409 2075 567 2133 quietae
587 2083 692 2119 vitae
711 2085 843 2119 status
861 2082 1134 2132 perturbatur,
1155 2085 1196 2119 et
1215 2086 1262 2119 ut
1289 2095 1462 2120 succum-

133 2146 225 2182 bere
272 2145 466 2182 doioribus
502 2157 643 2193 eosque
687 2144 829 2180 humili
864 2144 996 2180 animo
1041 2143 1312 2192 imbeciquue
1356 2144 1461 2182 ferre

137 2209 323 2244 miserum
352 2211 422 2253 est,
444 2208 492 2244 ob
511 2212 677 2255 eamque
706 2206 951 2242 debilitatem
970 2205 1097 2242 animi
1118 2205 1236 2242 multi
1263 2210 1459 2255 parentes,

137 2270 253 2306 multi
281 2269 436 2316 amicos,
465 2261 545 2305 non
554 2267 673 2304 'nulli
702 2267 888 2317 patriam,
917 2267 1096 2316 plerique
1123 2271 1261 2304 autem
1289 2280 1329 2304 se
1357 2268 1461 2317 ipsos

133 2332 291 2381 penitus
318 2331 585 2380 perdiderunt,
606 2330 659 2366 sic
686 2330 872 2386 robustus
900 2329 1058 2366 animus
1086 2333 1125 2365 et
1153 2330 1324 2366 excelsus
1352 2331 1459 2367 omni
