1597 2568
633 179 685 204 x1.
717 168 894 205 39—x11.
928 170 987 206 41.
1430 172 1478 208 37

147 271 221 305 ant
248 268 290 306 in
318 269 522 319 voluptate
549 282 631 306 esse
659 274 731 307 aut
760 270 799 307 in
828 271 968 309 dolore.
1036 274 1173 310 Omnis
1201 279 1334 310 autom
1356 276 1478 324 priva-

148 329 254 367 tione
273 329 415 368 doloris
434 335 552 381 putat
568 331 761 381 Epicurus
780 334 986 370 terminari
1007 348 1201 371 summam
1224 336 1478 389 voluptutem,

148 394 194 428 ut
212 396 347 440 postea
368 393 514 429 variari
534 393 715 442 voluptas
744 394 1010 444 distinguique
1032 397 1163 445 possit,
1185 397 1320 445 augeri
1341 398 1478 447 ampli—

148 453 333 502 ficarique
362 466 441 491 non
474 454 606 504 possit.
680 455 740 492 39.
772 457 832 492 At
862 457 982 493 etiam
1017 458 1200 502 Athenis,
1235 464 1278 495 ut
1311 473 1334 495 a
1367 466 1481 508 patre

146 515 351 553 audiebam
380 516 508 553 facete
536 521 576 554 et
605 517 755 554 urbane
785 518 934 555 Stoicos
962 520 1164 566 irridente,
1185 525 1321 557 statua
1350 528 1407 558 est
1438 522 1478 558 in

147 577 348 614 Ceramico
380 578 588 628 Chrysippi
619 579 999 629 sedentis'porrecta
1034 595 1167 628 manu,
1203 595 1303 631 quae
1338 596 1479 620 manus

120 643 123 646 ’
145 639 338 688 significet
356 640 468 677 illum
487 640 528 676 in
548 640 620 677 hac
639 654 719 677 esse
739 643 1013 690 rogatiuncula
1029 644 1262 680 delectatum
1281 657 1287 679 :
1320 648 1341 664 “
1357 645 1478 681 Num-

145 701 334 749 quidnam
372 715 514 739 manus
550 708 621 740 tua
649 703 703 739 sic
736 703 890 750 affecta,
920 718 1033 754 quem
1068 706 1119 742 ad
1152 707 1306 743 modum
1336 708 1477 744 affecta

145 775 251 800 nunc
278 769 350 810 est,
371 765 567 802 desiderat
580 767 593 803 2
607 765 721 802 ”—N
724 766 794 803 ihil
823 771 1011 804 sane.—-“
1027 768 1098 813 At,
1119 768 1150 804 si
1170 768 1351 817 voluptas
1379 777 1477 805 esset

147 824 303 877 bqnnm,
322 825 715 864 desideraret.''—Ita
735 828 940 866 creda—‘⁶
954 828 1047 865 Non
1066 833 1126 865 est
1153 829 1277 878 igitur
1297 829 1478 878 voluptas

144 887 325 927 bonum.''
380 889 468 926 Hoc
498 902 549 926 ne
578 890 935 940 statuam3quidem
965 891 1161 928 dicturam
1190 894 1304 940 pater
1332 891 1476 937 aiebat,

141 948 175 985 si
204 948 312 999 loq'ui
343 955 506 1000 possets
559 951 794 989 Conclusum
827 956 887 989 est
925 954 1030 989 enim
1069 956 1207 989 contra
1245 952 1478 1001 Cyrenaicos

142 1010 240 1049 satis
265 1016 392 1059 acute,
422 1013 520 1050 m‘hil
548 1013 599 1050 ad
629 1010 857 1063 Epicurum.
914 1014 1019 1051 Nam
1048 1015 1080 1051 si
1109 1027 1155 1051 ea
1183 1014 1265 1051 sola
1294 1014 1477 1063 voluptas·

142 1076 255 1121 esset,
273 1073 376 1123 quae
408 1076 521 1124 quasi
548 1074 736 1112 titillaret
764 1088 912 1121 sensus,
942 1080 988 1112 ut
1020 1076 1078 1112 ita
1108 1075 1247 1121 dicam,
1268 1080 1308 1112 et
1336 1076 1385 1112 ad
1413 1089 1476 1112 eos

142 1147 234 1172 cum
250 1137 452 1174 suavitate
479 1124 726 1174 afflueffet
753 1137 996 1183 illaberetur,
1024 1150 1094 1174 nec
1122 1150 1264 1174 manus
1292 1150 1372 1174 esse
1391 1151 1475 1174 con-

142 1200 257 1234 tenta
287 1202 418 1248 posset
451 1211 521 1235 nec
555 1195 637 1235 ulla
667 1211 759 1248 pars
790 1199 993 1236 vacuitate
1023 1199 1165 1236 doloris
1194 1199 1277 1235 sine
1307 1199 1475 1236 iucundo

142 1262 254 1295 motu
274 1258 500 1308 voluptatis.
544 1259 614 1304 Sin
632 1264 766 1307 autem
786 1273 940 1296 summa
955 1260 1137 1309 voluptas
1156 1264 1226 1306 est,
1243 1264 1288 1297 ut
1305 1260 1474 1309 Epicuro

144 1319 284 1368 placet,
299 1319 400 1357 nihil
420 1319 559 1367 dolere,
569 1315 747 1370 'primum
768 1321 842 1358 tibi
862 1325 979 1367 recte,
1002 1321 1231 1370 Chrysippe‚
1251 1334 1472 1358 concessum

142 1384 214 1427 est,
235 1381 334 1418 nihil
353 1381 571 1420 desiderare
586 1395 762 1428 manum,
779 1395 866 1418 cum
887 1381 946 1418 ita
966 1386 1066 1419 esset
1084 1381 1238 1427 affecta,
1258 1382 1468 1419 secundum
1491 1378 1505 1478 ζ

143 1455 222 1479 non
251 1446 368 1490 recte,
396 1443 428 1480 si
456 1442 640 1492 voluptas
667 1447 768 1480 esset
812 1443 970 1489 bonum,
1000 1442 1118 1480 fuisse
1147 1443 1471 1480 desideraturam.

142 1504 292 1542 Idcirco
310 1505 415 1542 enim
443 1517 524 1542 non
540 1505 802 1551 desideraret,
823 1504 930 1553 quia,
951 1504 1053 1553 quod
1082 1504 1212 1542 dolore
1230 1510 1350 1551 caret,
1371 1505 1409 1542 id
1429 1506 1470 1542 in

142 1566 348 1616 voluptate
365 1570 436 1604 est.

48 1653 105 1719 *ᾖ
194 1661 297 1699 XII.
336 1661 399 1698 40.
431 1660 665 1698 Extremum
689 1664 822 1697 autem
844 1673 924 1697 esse
944 1660 1136 1697 bonorum
1157 1661 1401 1709 voluptatem
1421 1673 1469 1698 ex

141 1722 212 1760 hoc
230 1721 416 1759 facillime
427 1722 593 1772 perspici
611 1725 762 1772 potest:
793 1722 1095 1759 Constituamus
1106 1721 1277 1771 aliquem
1298 1724 1466 1773 magnis,

140 1782 289 1830 multis,
309 1784 510 1833 perpetuis
528 1783 728 1821 fruentem
748 1787 789 1820 et
807 1783 939 1820 animo
958 1788 998 1820 et
1018 1796 1175 1833 corpore
1195 1784 1467 1832 voluptatibus

139 1844 250 1883 nullo
278 1844 408 1882 dolore
427 1857 497 1881 nee
523 1838 760 1893 impediente
780 1856 849 1880 nec
877 1844 1139 1893 impendente,
1159 1856 1275 1893 quem
1305 1845 1465 1882 tandem

140 1906 213 1943 hoc
239 1910 352 1944 statu
380 1904 719 1958 praestabiliorem
740 1909 812 1942 aut
832 1906 958 1955 magis
985 1906 1249 1955 expetendum
1278 1907 1468 1958 possimus

139 1967 291 2006 dicere?
347 1967 482 2005 Inesse
509 1967 615 2004 enim
636 1973 790 2005 necesse
814 1970 874 2004 est
901 1967 942 2003 in
962 1979 1017 2013 ee,
1039 1967 1107 2016 qui
1135 1967 1193 2004 ita
1211 1967 1262 2004 sit
1291 1968 1464 2014 affectus,

138 2034 180 2068 et
198 2029 431 2067 firmitatem
451 2029 574 2066 animi
594 2042 664 2067 nec
683 2032 853 2067 mortem
873 2041 943 2066 nec
962 2029 1132 2066 dolorem
1153 2029 1342 2076 timentis,
1363 2030 1465 2079 quod

139 2104 244 2130 mors
261 2103 379 2129 sensu
398 2095 544 2135 careat,
565 2090 673 2128 dolor
691 2091 733 2128 in
758 2089 1050 2145 longinquitate
1071 2090 1176 2136 levis,
1198 2090 1239 2126 in
1268 2090 1464 2139 gravitate

137 2153 267 2191 brevis
293 2152 418 2190 soleat
436 2164 530 2200 esse,
550 2156 597 2189 ut
615 2153 699 2189 eius
727 2151 1041 2203 magnitudinem
1061 2152 1251 2198 celeritas,
1271 2151 1465 2188 diuturni-

137 2218 268 2254 tatem
304 2215 491 2263 allevatio
526 2215 758 2252 consoletur.
827 2215 888 2251 41.
918 2213 985 2250 Ad
1019 2226 1065 2249 ea
1095 2226 1182 2249 cum
1221 2213 1379 2259 accedit,
1418 2217 1466 2250 ut

140 2289 269 2327 neque
298 2264 484 2314 divinuni
511 2288 658 2313 numen
687 2276 848 2313 horreat
881 2288 950 2312 nec
978 2270 1214 2324 praeteritas
1243 2275 1464 2323 voluptates¹

139 2339 298 2377 effluere
340 2339 519 2388 patiatur
546 2350 762 2387 earumque
802 2337 959 2374 assidua
988 2336 1255 2373 recordatione
1283 2336 1463 2382 lacteum,
