<?xml version="1.0" encoding="UTF-8"?>
<!DOCTYPE html PUBLIC "-//W3C//DTD XHTML 1.0 Transitional//EN"
    "http://www.w3.org/TR/xhtml1/DTD/xhtml1-transitional.dtd">
<html xmlns="http://www.w3.org/1999/xhtml" xml:lang="en" lang="en">
 <head>
  <title>
</title>
<meta http-equiv="Content-Type" content="text/html;charset=utf-8" />
  <meta name='ocr-system' content='tesseract 3.04.00' />
  <meta name='ocr-capabilities' content='ocr_page ocr_carea ocr_par ocr_line ocrx_word'/>
</head>
<body>
  <div class='ocr_page' id='page_1' title='image "./definibusi00ciceuoft_0033.png"; bbox 0 0 1597 2568; ppageno 0'>
   <div class='ocr_carea' id='block_1_1' title="bbox 658 144 1429 184">
    <p class='ocr_par' dir='ltr' id='par_1_1' title="bbox 658 144 1429 184">
     <span class='ocr_line' id='line_1_1' title="bbox 658 144 1429 184; baseline 0.008 -6"><span class='ocrx_word' id='word_1_1' title='bbox 658 153 711 179; x_wconf 76' lang='lat' dir='ltr'>vx.</span> <span class='ocrx_word' id='word_1_2' title='bbox 747 144 872 180; x_wconf 78' lang='lat'>17-19.</span> <span class='ocrx_word' id='word_1_3' title='bbox 1380 149 1429 184; x_wconf 73' lang='lat'>29</span> 
     </span>
    </p>
   </div>
   <div class='ocr_carea' id='block_1_2' title="bbox 99 245 1428 357">
    <p class='ocr_par' dir='ltr' id='par_1_2' title="bbox 99 245 1428 357">
     <span class='ocr_line' id='line_1_2' title="bbox 99 245 1428 298; baseline 0.002 -15"><span class='ocrx_word' id='word_1_4' title='bbox 99 249 190 283; x_wconf 79' lang='lat' dir='ltr'>erat</span> <span class='ocrx_word' id='word_1_5' title='bbox 217 257 405 295; x_wconf 82' lang='lat' dir='ltr'>umquam</span> <span class='ocrx_word' id='word_1_6' title='bbox 426 245 703 292; x_wconf 80' lang='lat' dir='ltr'>controversia,</span> <span class='ocrx_word' id='word_1_7' title='bbox 725 246 821 295; x_wconf 80' lang='lat' dir='ltr'>quid</span> <span class='ocrx_word' id='word_1_8' title='bbox 850 259 922 296; x_wconf 80' lang='lat' dir='ltr'>ego</span> <span class='ocrx_word' id='word_1_9' title='bbox 943 247 1222 297; x_wconf 54' lang='lat' dir='ltr'>intellegerem,</span> <span class='ocrx_word' id='word_1_10' title='bbox 1244 249 1308 285; x_wconf 71' lang='lat' dir='ltr'>sed</span> <span class='ocrx_word' id='word_1_11' title='bbox 1335 249 1428 298; x_wconf 86' lang='lat' dir='ltr'>quid</span> 
     </span>
     <span class='ocr_line' id='line_1_3' title="bbox 100 307 320 357; baseline -0.005 -12"><span class='ocrx_word' id='word_1_12' title='bbox 100 307 320 357; x_wconf 79' lang='lat' dir='ltr'>pmbarem.</span> 
     </span>
    </p>
   </div>
   <div class='ocr_carea' id='block_1_3' title="bbox 93 410 1430 2374">
    <p class='ocr_par' dir='ltr' id='par_1_3' title="bbox 93 410 1430 2374">
     <span class='ocr_line' id='line_1_4' title="bbox 159 410 1430 465; baseline 0.003 -17"><span class='ocrx_word' id='word_1_13' title='bbox 159 410 235 450; x_wconf 87' lang='lat' dir='ltr'>VI.</span> <span class='ocrx_word' id='word_1_14' title='bbox 268 411 327 451; x_wconf 84' lang='lat'>17.</span> <span class='ocrx_word' id='word_1_15' title='bbox 385 411 489 456; x_wconf 85' lang='lat' dir='ltr'>Quid</span> <span class='ocrx_word' id='word_1_16' title='bbox 522 411 646 461; x_wconf 78' lang='lat' dir='ltr'>igitur</span> <span class='ocrx_word' id='word_1_17' title='bbox 677 413 764 449; x_wconf 69' lang='lat' dir='ltr'>est?</span> <span class='ocrx_word' id='word_1_18' title='bbox 802 411 958 461; x_wconf 77' lang='lat' dir='ltr'>inquit3</span> <span class='ocrx_word' id='word_1_19' title='bbox 999 413 1136 450; x_wconf 76' lang='lat' dir='ltr'>audire</span> <span class='ocrx_word' id='word_1_20' title='bbox 1169 415 1272 450; x_wconf 70' lang='lat' dir='ltr'>enim</span> <span class='ocrx_word' id='word_1_21' title='bbox 1306 415 1430 465; x_wconf 79' lang='lat' dir='ltr'>cupio,</span> 
     </span>
     <span class='ocr_line' id='line_1_5' title="bbox 98 472 1430 526; baseline 0.002 -16"><span class='ocrx_word' id='word_1_22' title='bbox 98 473 195 523; x_wconf 87' lang='lat' dir='ltr'>quid</span> <span class='ocrx_word' id='word_1_23' title='bbox 224 485 304 511; x_wconf 87' lang='lat' dir='ltr'>non</span> <span class='ocrx_word' id='word_1_24' title='bbox 336 473 487 526; x_wconf 63' lang='lat' dir='ltr'>probes.</span> <span class='ocrx_word' id='word_1_25' title='bbox 545 472 756 522; x_wconf 82' lang='lat' dir='ltr'>Principio,</span> <span class='ocrx_word' id='word_1_26' title='bbox 791 474 966 523; x_wconf 78' lang='lat' dir='ltr'>inquam,</span> <span class='ocrx_word' id='word_1_27' title='bbox 999 474 1039 511; x_wconf 91' lang='lat' dir='ltr'>in</span> <span class='ocrx_word' id='word_1_28' title='bbox 1074 475 1255 524; x_wconf 62' lang='lat' dir='ltr'>physicis,</span> <span class='ocrx_word' id='word_1_29' title='bbox 1287 477 1430 525; x_wconf 83' lang='lat' dir='ltr'>quibus</span> 
     </span>
     <span class='ocr_line' id='line_1_6' title="bbox 99 534 1425 585; baseline 0.002 -13"><span class='ocrx_word' id='word_1_30' title='bbox 99 535 270 572; x_wconf 82' lang='lat' dir='ltr'>maxime</span> <span class='ocrx_word' id='word_1_31' title='bbox 296 534 505 585; x_wconf 78' lang='lat' dir='ltr'>gloriatur,</span> <span class='ocrx_word' id='word_1_32' title='bbox 534 534 706 584; x_wconf 77' lang='lat' dir='ltr'>primuni</span> <span class='ocrx_word' id='word_1_33' title='bbox 740 540 849 572; x_wconf 77' lang='lat' dir='ltr'>totus</span> <span class='ocrx_word' id='word_1_34' title='bbox 878 542 936 572; x_wconf 68' lang='lat' dir='ltr'>est</span> <span class='ocrx_word' id='word_1_35' title='bbox 976 536 1150 582; x_wconf 57' lang='lat' dir='ltr'>alienus-3</span> <span class='ocrx_word' id='word_1_36' title='bbox 1182 538 1425 575; x_wconf 69' lang='lat' dir='ltr'>Democritea</span> 
     </span>
     <span class='ocr_line' id='line_1_7' title="bbox 97 595 1428 647; baseline 0.003 -15"><span class='ocrx_word' id='word_1_37' title='bbox 97 595 192 634; x_wconf 79' lang='lat' dir='ltr'>dicit</span> <span class='ocrx_word' id='word_1_38' title='bbox 219 595 415 646; x_wconf 84' lang='lat' dir='ltr'>perpauca</span> <span class='ocrx_word' id='word_1_39' title='bbox 442 598 616 642; x_wconf 72' lang='lat' dir='ltr'>mutans,</span> <span class='ocrx_word' id='word_1_40' title='bbox 645 596 711 633; x_wconf 82' lang='lat' dir='ltr'>sed</span> <span class='ocrx_word' id='word_1_41' title='bbox 740 596 807 642; x_wconf 80' lang='lat' dir='ltr'>ita,</span> <span class='ocrx_word' id='word_1_42' title='bbox 829 601 874 633; x_wconf 82' lang='lat' dir='ltr'>ut</span> <span class='ocrx_word' id='word_1_43' title='bbox 903 610 961 643; x_wconf 74' lang='lat' dir='ltr'>ca,</span> <span class='ocrx_word' id='word_1_44' title='bbox 982 610 1081 646; x_wconf 82' lang='lat' dir='ltr'>quae</span> <span class='ocrx_word' id='word_1_45' title='bbox 1109 598 1301 647; x_wconf 76' lang='lat' dir='ltr'>corrigere</span> <span class='ocrx_word' id='word_1_46' title='bbox 1329 599 1428 645; x_wconf 76' lang='lat' dir='ltr'>vult,</span> 
     </span>
     <span class='ocr_line' id='line_1_8' title="bbox 99 657 1428 713; baseline 0.002 -18"><span class='ocrx_word' id='word_1_47' title='bbox 99 657 196 695; x_wconf 86' lang='lat' dir='ltr'>mihi</span> <span class='ocrx_word' id='word_1_48' title='bbox 215 657 375 708; x_wconf 89' lang='lat' dir='ltr'>quidem</span> <span class='ocrx_word' id='word_1_49' title='bbox 389 657 608 707; x_wconf 69' lang='lat' dir='ltr'>depravare</span> <span class='ocrx_word' id='word_1_50' title='bbox 628 658 823 696; x_wconf 77' lang='lat' dir='ltr'>videatur.</span> <span class='ocrx_word' id='word_1_51' title='bbox 870 659 944 713; x_wconf 29' lang='lat' dir='ltr'>I‘lle</span> <span class='ocrx_word' id='word_1_52' title='bbox 964 667 1115 696; x_wconf 72' lang='lat' dir='ltr'>atomos</span> <span class='ocrx_word' id='word_1_53' title='bbox 1128 673 1224 709; x_wconf 63' lang='lat' dir='ltr'>quas</span> <span class='ocrx_word' id='word_1_54' title='bbox 1240 661 1428 710; x_wconf 82' lang='lat' dir='ltr'>appellat,</span> 
     </span>
     <span class='ocr_line' id='line_1_9' title="bbox 97 718 1426 770; baseline 0.003 -14"><span class='ocrx_word' id='word_1_55' title='bbox 97 719 137 756; x_wconf 90' lang='lat' dir='ltr'>id</span> <span class='ocrx_word' id='word_1_56' title='bbox 162 723 223 756; x_wconf 83' lang='lat' dir='ltr'>est</span> <span class='ocrx_word' id='word_1_57' title='bbox 249 732 412 770; x_wconf 86' lang='lat' dir='ltr'>corpora</span> <span class='ocrx_word' id='word_1_58' title='bbox 439 719 645 757; x_wconf 81' lang='lat' dir='ltr'>individua</span> <span class='ocrx_word' id='word_1_59' title='bbox 672 725 834 770; x_wconf 83' lang='lat' dir='ltr'>propter</span> <span class='ocrx_word' id='word_1_60' title='bbox 863 718 1114 767; x_wconf 73' lang='lat' dir='ltr'>soliditatem,</span> <span class='ocrx_word' id='word_1_61' title='bbox 1145 730 1276 759; x_wconf 73' lang='lat' dir='ltr'>censet</span> <span class='ocrx_word' id='word_1_62' title='bbox 1304 723 1344 759; x_wconf 89' lang='lat' dir='ltr'>in</span> <span class='ocrx_word' id='word_1_63' title='bbox 1371 724 1426 760; x_wconf 90' lang='lat' dir='ltr'>in-</span> 
     </span>
     <span class='ocr_line' id='line_1_10' title="bbox 97 780 1428 831; baseline 0.002 -13"><span class='ocrx_word' id='word_1_64' title='bbox 97 780 212 818; x_wconf 81' lang='lat' dir='ltr'>finito</span> <span class='ocrx_word' id='word_1_65' title='bbox 243 780 367 827; x_wconf 84' lang='lat' dir='ltr'>inani,</span> <span class='ocrx_word' id='word_1_66' title='bbox 401 781 443 818; x_wconf 91' lang='lat' dir='ltr'>in</span> <span class='ocrx_word' id='word_1_67' title='bbox 474 793 552 831; x_wconf 91' lang='lat' dir='ltr'>quo</span> <span class='ocrx_word' id='word_1_68' title='bbox 582 781 682 818; x_wconf 88' lang='lat' dir='ltr'><strong>nihil</strong></span> <span class='ocrx_word' id='word_1_69' title='bbox 716 795 786 819; x_wconf 86' lang='lat' dir='ltr'>nec</span> <span class='ocrx_word' id='word_1_70' title='bbox 819 792 1016 820; x_wconf 83' lang='lat' dir='ltr'>summum</span> <span class='ocrx_word' id='word_1_71' title='bbox 1048 795 1118 820; x_wconf 88' lang='lat' dir='ltr'>nec</span> <span class='ocrx_word' id='word_1_72' title='bbox 1149 784 1328 820; x_wconf 86' lang='lat' dir='ltr'>infimum</span> <span class='ocrx_word' id='word_1_73' title='bbox 1360 797 1428 821; x_wconf 91' lang='lat' dir='ltr'>nec</span> 
     </span>
     <span class='ocr_line' id='line_1_11' title="bbox 97 841 1428 891; baseline 0.002 -12"><span class='ocrx_word' id='word_1_74' title='bbox 97 841 269 880; x_wconf 88' lang='lat' dir='ltr'>medium</span> <span class='ocrx_word' id='word_1_75' title='bbox 298 855 370 880; x_wconf 88' lang='lat' dir='ltr'>nec</span> <span class='ocrx_word' id='word_1_76' title='bbox 398 842 585 880; x_wconf 88' lang='lat' dir='ltr'>intimum</span> <span class='ocrx_word' id='word_1_77' title='bbox 614 856 686 880; x_wconf 90' lang='lat' dir='ltr'>nec</span> <span class='ocrx_word' id='word_1_78' title='bbox 705 850 927 882; x_wconf 79' lang='lat' dir='ltr'>extremuni</span> <span class='ocrx_word' id='word_1_79' title='bbox 960 844 1022 891; x_wconf 75' lang='lat' dir='ltr'>sit,</span> <span class='ocrx_word' id='word_1_80' title='bbox 1044 845 1102 881; x_wconf 87' lang='lat' dir='ltr'>ita</span> <span class='ocrx_word' id='word_1_81' title='bbox 1132 845 1238 890; x_wconf 80' lang='lat' dir='ltr'>ferri,</span> <span class='ocrx_word' id='word_1_82' title='bbox 1268 850 1315 882; x_wconf 92' lang='lat' dir='ltr'>ut</span> <span class='ocrx_word' id='word_1_83' title='bbox 1343 859 1428 882; x_wconf 89' lang='lat' dir='ltr'>con-</span> 
     </span>
     <span class='ocr_line' id='line_1_12' title="bbox 95 903 1429 955; baseline 0.002 -15"><span class='ocrx_word' id='word_1_84' title='bbox 95 903 344 951; x_wconf 81' lang='lat' dir='ltr'>cursionibus</span> <span class='ocrx_word' id='word_1_85' title='bbox 363 904 469 941; x_wconf 80' lang='lat' dir='ltr'>inter</span> <span class='ocrx_word' id='word_1_86' title='bbox 483 916 523 941; x_wconf 88' lang='lat' dir='ltr'>se</span> <span class='ocrx_word' id='word_1_87' title='bbox 543 904 833 952; x_wconf 71' lang='lat' dir='ltr'>cohaerescant,</span> <span class='ocrx_word' id='word_1_88' title='bbox 849 918 897 942; x_wconf 79' lang='lat' dir='ltr'>ex</span> <span class='ocrx_word' id='word_1_89' title='bbox 917 919 993 954; x_wconf 83' lang='lat' dir='ltr'>quo</span> <span class='ocrx_word' id='word_1_90' title='bbox 1012 906 1233 942; x_wconf 83' lang='lat' dir='ltr'>efficiantur</span> <span class='ocrx_word' id='word_1_91' title='bbox 1252 918 1311 952; x_wconf 87' lang='lat' dir='ltr'>ea,</span> <span class='ocrx_word' id='word_1_92' title='bbox 1327 919 1429 955; x_wconf 76' lang='lat' dir='ltr'>quae</span> 
     </span>
     <span class='ocr_line' id='line_1_13' title="bbox 95 959 1429 1017; baseline 0.001 -15"><span class='ocrx_word' id='word_1_93' title='bbox 95 965 178 1002; x_wconf 84' lang='lat' dir='ltr'>sint</span> <span class='ocrx_word' id='word_1_94' title='bbox 206 977 385 1015; x_wconf 82' lang='lat' dir='ltr'>quaeque</span> <span class='ocrx_word' id='word_1_95' title='bbox 412 971 644 1013; x_wconf 80' lang='lat' dir='ltr'>cernantur,</span> <span class='ocrx_word' id='word_1_96' title='bbox 663 967 808 1013; x_wconf 81' lang='lat' dir='ltr'>omnia,</span> <span class='ocrx_word' id='word_1_97' title='bbox 830 979 997 1017; x_wconf 81' lang='lat' dir='ltr'>eumque</span> <span class='ocrx_word' id='word_1_98' title='bbox 1026 959 1176 1004; x_wconf 56' lang='lat' dir='ltr'>motum</span> <span class='ocrx_word' id='word_1_99' title='bbox 1207 972 1429 1004; x_wconf 82' lang='lat' dir='ltr'>atomorum</span> 
     </span>
     <span class='ocr_line' id='line_1_14' title="bbox 97 1026 1427 1078; baseline 0.002 -14"><span class='ocrx_word' id='word_1_100' title='bbox 97 1026 208 1064; x_wconf 89' lang='lat' dir='ltr'>nullo</span> <span class='ocrx_word' id='word_1_101' title='bbox 226 1039 256 1077; x_wconf 73' lang='lat' dir='ltr'>a¹</span> <span class='ocrx_word' id='word_1_102' title='bbox 270 1027 473 1078; x_wconf 87' lang='lat' dir='ltr'>principio,</span> <span class='ocrx_word' id='word_1_103' title='bbox 494 1027 561 1065; x_wconf 86' lang='lat' dir='ltr'>sed</span> <span class='ocrx_word' id='word_1_104' title='bbox 580 1040 629 1065; x_wconf 77' lang='lat' dir='ltr'>ex</span> <span class='ocrx_word' id='word_1_105' title='bbox 648 1036 809 1066; x_wconf 83' lang='lat' dir='ltr'>aeterno</span> <span class='ocrx_word' id='word_1_106' title='bbox 828 1033 1004 1078; x_wconf 82' lang='lat' dir='ltr'>tempore</span> <span class='ocrx_word' id='word_1_107' title='bbox 1019 1029 1195 1078; x_wconf 76' lang='lat' dir='ltr'>intellegi</span> <span class='ocrx_word' id='word_1_108' title='bbox 1210 1030 1427 1066; x_wconf 83' lang='lat' dir='ltr'>convenire.</span> 
     </span>
     <span class='ocr_line' id='line_1_15' title="bbox 99 1088 1426 1140; baseline 0.002 -14"><span class='ocrx_word' id='word_1_109' title='bbox 99 1089 160 1126; x_wconf 89' lang='grc'>18.</span> <span class='ocrx_word' id='word_1_110' title='bbox 190 1088 385 1139; x_wconf 88' lang='lat' dir='ltr'><strong>Epicurus</strong></span> <span class='ocrx_word' id='word_1_111' title='bbox 411 1096 560 1136; x_wconf 87' lang='lat' dir='ltr'>autem,</span> <span class='ocrx_word' id='word_1_112' title='bbox 590 1090 632 1127; x_wconf 91' lang='lat' dir='ltr'>in</span> <span class='ocrx_word' id='word_1_113' title='bbox 657 1091 802 1139; x_wconf 88' lang='lat' dir='ltr'>quibus</span> <span class='ocrx_word' id='word_1_114' title='bbox 829 1092 1010 1140; x_wconf 86' lang='lat' dir='ltr'>sequitur</span> <span class='ocrx_word' id='word_1_115' title='bbox 1040 1091 1323 1138; x_wconf 79' lang='lat' dir='ltr'>Democritum,</span> <span class='ocrx_word' id='word_1_116' title='bbox 1347 1104 1426 1129; x_wconf 91' lang='lat' dir='ltr'>non</span> 
     </span>
     <span class='ocr_line' id='line_1_16' title="bbox 95 1149 1427 1203; baseline 0.002 -15"><span class='ocrx_word' id='word_1_117' title='bbox 95 1149 178 1188; x_wconf 86' lang='lat' dir='ltr'>fere</span> <span class='ocrx_word' id='word_1_118' title='bbox 205 1151 368 1189; x_wconf 77' lang='lat' dir='ltr'>labitur.</span> <span class='ocrx_word' id='word_1_119' title='bbox 425 1152 679 1201; x_wconf 84' lang='lat' dir='ltr'>Quamquam</span> <span class='ocrx_word' id='word_1_120' title='bbox 705 1152 912 1202; x_wconf 87' lang='lat' dir='ltr'>utriusque</span> <span class='ocrx_word' id='word_1_121' title='bbox 931 1166 1019 1190; x_wconf 90' lang='lat' dir='ltr'>cum</span> <span class='ocrx_word' id='word_1_122' title='bbox 1040 1153 1166 1190; x_wconf 84' lang='lat' dir='ltr'>multa</span> <span class='ocrx_word' id='word_1_123' title='bbox 1187 1166 1266 1190; x_wconf 91' lang='lat' dir='ltr'>non</span> <span class='ocrx_word' id='word_1_124' title='bbox 1294 1153 1427 1203; x_wconf 89' lang='lat' dir='ltr'>probo,</span> 
     </span>
     <span class='ocr_line' id='line_1_17' title="bbox 93 1209 1424 1264; baseline 0.002 -15"><span class='ocrx_word' id='word_1_125' title='bbox 93 1218 182 1250; x_wconf 90' lang='lat' dir='ltr'>tum</span> <span class='ocrx_word' id='word_1_126' title='bbox 200 1212 299 1250; x_wconf 88' lang='lat' dir='ltr'>illud</span> <span class='ocrx_word' id='word_1_127' title='bbox 326 1213 368 1251; x_wconf 91' lang='lat' dir='ltr'>in</span> <span class='ocrx_word' id='word_1_128' title='bbox 397 1209 547 1264; x_wconf 84' lang='lat' dir='ltr'>primis,</span> <span class='ocrx_word' id='word_1_129' title='bbox 567 1213 684 1263; x_wconf 92' lang='lat' dir='ltr'>quod,</span> <span class='ocrx_word' id='word_1_130' title='bbox 704 1227 794 1251; x_wconf 88' lang='lat' dir='ltr'>cum</span> <span class='ocrx_word' id='word_1_131' title='bbox 814 1215 856 1251; x_wconf 92' lang='lat' dir='ltr'>in</span> <span class='ocrx_word' id='word_1_132' title='bbox 884 1227 1018 1251; x_wconf 88' lang='lat' dir='ltr'>rerum</span> <span class='ocrx_word' id='word_1_133' title='bbox 1040 1220 1192 1252; x_wconf 84' lang='lat' dir='ltr'>natura</span> <span class='ocrx_word' id='word_1_134' title='bbox 1211 1215 1288 1252; x_wconf 88' lang='lat' dir='ltr'>duo</span> <span class='ocrx_word' id='word_1_135' title='bbox 1308 1227 1424 1264; x_wconf 86' lang='lat' dir='ltr'>quae·</span> 
     </span>
     <span class='ocr_line' id='line_1_18' title="bbox 96 1273 1428 1325; baseline 0.002 -14"><span class='ocrx_word' id='word_1_136' title='bbox 96 1273 220 1312; x_wconf 83' lang='lat' dir='ltr'>renda</span> <span class='ocrx_word' id='word_1_137' title='bbox 247 1274 341 1321; x_wconf 88' lang='lat' dir='ltr'>sint,</span> <span class='ocrx_word' id='word_1_138' title='bbox 370 1287 509 1322; x_wconf 88' lang='lat' dir='ltr'>unum,</span> <span class='ocrx_word' id='word_1_139' title='bbox 539 1287 642 1324; x_wconf 84' lang='lat' dir='ltr'>quae</span> <span class='ocrx_word' id='word_1_140' title='bbox 670 1276 841 1313; x_wconf 87' lang='lat' dir='ltr'>materia</span> <span class='ocrx_word' id='word_1_141' title='bbox 869 1275 933 1321; x_wconf 88' lang='lat' dir='ltr'>sit,</span> <span class='ocrx_word' id='word_1_142' title='bbox 966 1288 1014 1312; x_wconf 80' lang='lat' dir='ltr'>ex</span> <span class='ocrx_word' id='word_1_143' title='bbox 1044 1288 1124 1324; x_wconf 88' lang='lat' dir='ltr'>qua</span> <span class='ocrx_word' id='word_1_144' title='bbox 1154 1288 1336 1325; x_wconf 86' lang='lat' dir='ltr'>quaeque</span> <span class='ocrx_word' id='word_1_145' title='bbox 1366 1289 1428 1314; x_wconf 81' lang='lat' dir='ltr'>res</span> 
     </span>
     <span class='ocr_line' id='line_1_19' title="bbox 95 1335 1429 1386; baseline 0.002 -14"><span class='ocrx_word' id='word_1_146' title='bbox 95 1335 301 1383; x_wconf 82' lang='lat' dir='ltr'>efficiatur,</span> <span class='ocrx_word' id='word_1_147' title='bbox 335 1336 520 1384; x_wconf 86' lang='lat' dir='ltr'>alterum,</span> <span class='ocrx_word' id='word_1_148' title='bbox 553 1349 655 1386; x_wconf 85' lang='lat' dir='ltr'>quae</span> <span class='ocrx_word' id='word_1_149' title='bbox 678 1337 736 1374; x_wconf 80' lang='lat' dir='ltr'>vis</span> <span class='ocrx_word' id='word_1_150' title='bbox 767 1337 831 1383; x_wconf 88' lang='lat' dir='ltr'>sit,</span> <span class='ocrx_word' id='word_1_151' title='bbox 862 1349 964 1386; x_wconf 83' lang='lat' dir='ltr'>quae</span> <span class='ocrx_word' id='word_1_152' title='bbox 998 1337 1170 1385; x_wconf 85' lang='lat' dir='ltr'>quidque</span> <span class='ocrx_word' id='word_1_153' title='bbox 1198 1337 1352 1384; x_wconf 86' lang='lat' dir='ltr'>efficiat,</span> <span class='ocrx_word' id='word_1_154' title='bbox 1381 1337 1429 1375; x_wconf 88' lang='lat' dir='ltr'>de</span> 
     </span>
     <span class='ocr_line' id='line_1_20' title="bbox 98 1390 1426 1448; baseline 0.002 -14"><span class='ocrx_word' id='word_1_155' title='bbox 98 1397 266 1435; x_wconf 85' lang='lat' dir='ltr'>materia</span> <span class='ocrx_word' id='word_1_156' title='bbox 292 1390 577 1445; x_wconf 81' lang='lat' dir='ltr'>disseruerunt,</span> <span class='ocrx_word' id='word_1_157' title='bbox 598 1398 678 1434; x_wconf 82' lang='lat' dir='ltr'>vim</span> <span class='ocrx_word' id='word_1_158' title='bbox 704 1402 745 1434; x_wconf 89' lang='lat' dir='ltr'>et</span> <span class='ocrx_word' id='word_1_159' title='bbox 772 1410 930 1434; x_wconf 87' lang='lat' dir='ltr'>causam</span> <span class='ocrx_word' id='word_1_160' title='bbox 950 1398 1141 1435; x_wconf 85' lang='lat' dir='ltr'>efficiendi</span> <span class='ocrx_word' id='word_1_161' title='bbox 1169 1398 1426 1448; x_wconf 85' lang='lat' dir='ltr'>reliquerunt.</span> 
     </span>
     <span class='ocr_line' id='line_1_21' title="bbox 97 1458 1426 1509; baseline 0.001 -13"><span class='ocrx_word' id='word_1_162' title='bbox 97 1458 172 1496; x_wconf 87' lang='lat' dir='ltr'>Sed</span> <span class='ocrx_word' id='word_1_163' title='bbox 190 1458 272 1496; x_wconf 79' lang='lat' dir='ltr'>&#39;hoc</span> <span class='ocrx_word' id='word_1_164' title='bbox 300 1471 509 1496; x_wconf 82' lang='lat' dir='ltr'>commune</span> <span class='ocrx_word' id='word_1_165' title='bbox 541 1458 683 1496; x_wconf 84' lang='lat' dir='ltr'>vitium</span> <span class='ocrx_word' id='word_1_166' title='bbox 698 1472 710 1506; x_wconf 82' lang='lat'>3</span> <span class='ocrx_word' id='word_1_167' title='bbox 739 1458 830 1496; x_wconf 88' lang='lat' dir='ltr'>illae</span> <span class='ocrx_word' id='word_1_168' title='bbox 858 1459 1019 1508; x_wconf 90' lang='lat' dir='ltr'>Epicuri</span> <span class='ocrx_word' id='word_1_169' title='bbox 1053 1459 1234 1509; x_wconf 90' lang='lat' dir='ltr'>propriae</span> <span class='ocrx_word' id='word_1_170' title='bbox 1264 1460 1426 1497; x_wconf 88' lang='lat' dir='ltr'>ruinae:</span> 
     </span>
     <span class='ocr_line' id='line_1_22' title="bbox 95 1520 1426 1570; baseline 0 -12"><span class='ocrx_word' id='word_1_171' title='bbox 95 1525 228 1559; x_wconf 87' lang='lat' dir='ltr'>censet-</span> <span class='ocrx_word' id='word_1_172' title='bbox 261 1520 367 1558; x_wconf 84' lang='lat' dir='ltr'>enim</span> <span class='ocrx_word' id='word_1_173' title='bbox 397 1521 535 1558; x_wconf 86' lang='lat' dir='ltr'>eadem</span> <span class='ocrx_word' id='word_1_174' title='bbox 566 1520 636 1557; x_wconf 86' lang='lat' dir='ltr'>illa</span> <span class='ocrx_word' id='word_1_175' title='bbox 668 1520 875 1558; x_wconf 86' lang='lat' dir='ltr'>individua</span> <span class='ocrx_word' id='word_1_176' title='bbox 907 1524 948 1558; x_wconf 88' lang='lat' dir='ltr'>et</span> <span class='ocrx_word' id='word_1_177' title='bbox 981 1520 1104 1558; x_wconf 84' lang='lat' dir='ltr'>solida</span> <span class='ocrx_word' id='word_1_178' title='bbox 1136 1533 1298 1570; x_wconf 85' lang='lat' dir='ltr'>corpora</span> <span class='ocrx_word' id='word_1_179' title='bbox 1331 1520 1426 1558; x_wconf 84' lang='lat' dir='ltr'>ferri</span> 
     </span>
     <span class='ocr_line' id='line_1_23' title="bbox 95 1581 1427 1632; baseline 0.001 -13"><span class='ocrx_word' id='word_1_180' title='bbox 95 1582 276 1620; x_wconf 82' lang='lat' dir='ltr'>deorsum</span> <span class='ocrx_word' id='word_1_181' title='bbox 313 1595 383 1620; x_wconf 90' lang='lat' dir='ltr'>suo</span> <span class='ocrx_word' id='word_1_182' title='bbox 422 1582 593 1632; x_wconf 90' lang='lat' dir='ltr'>pondere</span> <span class='ocrx_word' id='word_1_183' title='bbox 630 1581 680 1618; x_wconf 85' lang='lat' dir='ltr'>ad</span> <span class='ocrx_word' id='word_1_184' title='bbox 723 1582 882 1628; x_wconf 82' lang='lat' dir='ltr'>lineam,</span> <span class='ocrx_word' id='word_1_185' title='bbox 921 1581 1027 1618; x_wconf 89' lang='lat' dir='ltr'>hunc</span> <span class='ocrx_word' id='word_1_186' title='bbox 1073 1583 1298 1620; x_wconf 79' lang='lat' dir='ltr'>naturalem</span> <span class='ocrx_word' id='word_1_187' title='bbox 1345 1595 1427 1620; x_wconf 65' lang='lat' dir='ltr'>esse</span> 
     </span>
     <span class='ocr_line' id='line_1_24' title="bbox 95 1643 1425 1693; baseline 0 -12"><span class='ocrx_word' id='word_1_188' title='bbox 95 1644 272 1681; x_wconf 89' lang='lat' dir='ltr'>omnium</span> <span class='ocrx_word' id='word_1_189' title='bbox 291 1656 497 1693; x_wconf 81' lang='lat' dir='ltr'>corporum</span> <span class='ocrx_word' id='word_1_190' title='bbox 516 1647 680 1681; x_wconf 88' lang='lat' dir='ltr'>motum.</span> <span class='ocrx_word' id='word_1_191' title='bbox 732 1643 792 1681; x_wconf 88' lang='lat'>19.</span> <span class='ocrx_word' id='word_1_192' title='bbox 815 1643 968 1680; x_wconf 91' lang='lat' dir='ltr'>Deinde</span> <span class='ocrx_word' id='word_1_193' title='bbox 984 1643 1126 1680; x_wconf 84' lang='lat' dir='ltr'>ibidem</span> <span class='ocrx_word' id='word_1_194' title='bbox 1144 1643 1258 1680; x_wconf 89' lang='lat' dir='ltr'>homo</span> <span class='ocrx_word' id='word_1_195' title='bbox 1273 1649 1425 1690; x_wconf 77' lang='lat' dir='ltr'>acutus,</span> 
     </span>
     <span class='ocr_line' id='line_1_25' title="bbox 94 1703 1427 1755; baseline 0 -12"><span class='ocrx_word' id='word_1_196' title='bbox 94 1719 184 1744; x_wconf 90' lang='lat' dir='ltr'>cum</span> <span class='ocrx_word' id='word_1_197' title='bbox 212 1705 313 1743; x_wconf 88' lang='lat' dir='ltr'>illud</span> <span class='ocrx_word' id='word_1_198' title='bbox 339 1709 574 1752; x_wconf 87' lang='lat' dir='ltr'>occurreret,</span> <span class='ocrx_word' id='word_1_199' title='bbox 595 1705 627 1742; x_wconf 86' lang='lat' dir='ltr'>si</span> <span class='ocrx_word' id='word_1_200' title='bbox 655 1705 794 1742; x_wconf 78' lang='lat' dir='ltr'>omnia:</span> <span class='ocrx_word' id='word_1_201' title='bbox 809 1705 971 1742; x_wconf 82' lang='lat' dir='ltr'>deorsus</span> <span class='ocrx_word' id='word_1_202' title='bbox 998 1703 1023 1742; x_wconf 62' lang='lat' dir='ltr'>e&#39;</span> <span class='ocrx_word' id='word_1_203' title='bbox 1047 1706 1205 1755; x_wconf 83' lang='lat' dir='ltr'>regione</span> <span class='ocrx_word' id='word_1_204' title='bbox 1224 1706 1427 1744; x_wconf 86' lang='lat' dir='ltr'>ferrentur</span> 
     </span>
     <span class='ocr_line' id='line_1_26' title="bbox 95 1765 1422 1816; baseline -0.001 -11"><span class='ocrx_word' id='word_1_205' title='bbox 95 1770 149 1815; x_wconf 82' lang='lat' dir='ltr'>et,</span> <span class='ocrx_word' id='word_1_206' title='bbox 182 1772 230 1805; x_wconf 88' lang='lat' dir='ltr'>ut</span> <span class='ocrx_word' id='word_1_207' title='bbox 261 1767 356 1814; x_wconf 77' lang='lat' dir='ltr'>dixi,</span> <span class='ocrx_word' id='word_1_208' title='bbox 388 1767 438 1804; x_wconf 80' lang='lat' dir='ltr'>ad</span> <span class='ocrx_word' id='word_1_209' title='bbox 471 1767 630 1814; x_wconf 82' lang='lat' dir='ltr'>lineam,</span> <span class='ocrx_word' id='word_1_210' title='bbox 661 1767 892 1816; x_wconf 72' lang='lat' dir='ltr'>numquamv</span> <span class='ocrx_word' id='word_1_211' title='bbox 914 1765 998 1804; x_wconf 87' lang='lat' dir='ltr'>fore</span> <span class='ocrx_word' id='word_1_212' title='bbox 1028 1771 1074 1803; x_wconf 91' lang='lat' dir='ltr'>ut</span> <span class='ocrx_word' id='word_1_213' title='bbox 1106 1772 1261 1804; x_wconf 83' lang='lat' dir='ltr'>atomus</span> <span class='ocrx_word' id='word_1_214' title='bbox 1298 1767 1422 1804; x_wconf 83' lang='lat' dir='ltr'>altera</span> 
     </span>
     <span class='ocr_line' id='line_1_27' title="bbox 94 1828 1424 1879; baseline 0 -13"><span class='ocrx_word' id='word_1_215' title='bbox 94 1829 265 1867; x_wconf 81' lang='lat' dir='ltr'>alteram</span> <span class='ocrx_word' id='word_1_216' title='bbox 279 1832 410 1879; x_wconf 86' lang='lat' dir='ltr'>posset</span> <span class='ocrx_word' id='word_1_217' title='bbox 421 1829 634 1878; x_wconf 84' lang='lat' dir='ltr'>attingere,</span> <span class='ocrx_word' id='word_1_218' title='bbox 650 1828 670 1872; x_wconf 87' lang='lat'><strong>†</strong></span> <span class='ocrx_word' id='word_1_219' title='bbox 684 1828 820 1877; x_wconf 86' lang='lat' dir='ltr'>itaque</span> <span class='ocrx_word' id='word_1_220' title='bbox 833 1828 977 1865; x_wconf 86' lang='lat' dir='ltr'>attulit</span> <span class='ocrx_word' id='word_1_221' title='bbox 995 1840 1078 1864; x_wconf 89' lang='lat' dir='ltr'>rem</span> <span class='ocrx_word' id='word_1_222' title='bbox 1093 1829 1424 1866; x_wconf 79' lang='lat' dir='ltr'>commenticiam:</span> 
     </span>
     <span class='ocr_line' id='line_1_28' title="bbox 94 1889 1423 1941; baseline -0.002 -11"><span class='ocrx_word' id='word_1_223' title='bbox 94 1891 292 1930; x_wconf 80' lang='lat' dir='ltr'>declinare</span> <span class='ocrx_word' id='word_1_224' title='bbox 322 1890 426 1928; x_wconf 84' lang='lat' dir='ltr'>dixit</span> <span class='ocrx_word' id='word_1_225' title='bbox 455 1894 633 1928; x_wconf 87' lang='lat' dir='ltr'>atomum</span> <span class='ocrx_word' id='word_1_226' title='bbox 664 1889 912 1940; x_wconf 78' lang='lat' dir='ltr'>perpaulum,</span> <span class='ocrx_word' id='word_1_227' title='bbox 943 1902 1020 1941; x_wconf 88' lang='lat' dir='ltr'>quo</span> <span class='ocrx_word' id='word_1_228' title='bbox 1051 1889 1151 1927; x_wconf 91' lang='lat' dir='ltr'>nihil</span> <span class='ocrx_word' id='word_1_229' title='bbox 1183 1894 1313 1940; x_wconf 85' lang='lat' dir='ltr'>posset</span> <span class='ocrx_word' id='word_1_230' title='bbox 1341 1890 1423 1927; x_wconf 88' lang='lat' dir='ltr'>fieri</span> 
     </span>
     <span class='ocr_line' id='line_1_29' title="bbox 95 1945 1425 2004; baseline -0.003 -11"><span class='ocrx_word' id='word_1_231' title='bbox 95 1945 251 2003; x_wconf 74' lang='lat' dir='ltr'>minus,</span> <span class='ocrx_word' id='word_1_232' title='bbox 277 1955 339 1992; x_wconf 88' lang='lat' dir='ltr'>ita</span> <span class='ocrx_word' id='word_1_233' title='bbox 353 1954 452 1992; x_wconf 89' lang='lat' dir='ltr'>effici</span> <span class='ocrx_word' id='word_1_234' title='bbox 471 1953 760 2004; x_wconf 84' lang='lat' dir='ltr'>complexiones</span> <span class='ocrx_word' id='word_1_235' title='bbox 774 1957 815 1990; x_wconf 90' lang='lat' dir='ltr'>et</span> <span class='ocrx_word' id='word_1_236' title='bbox 833 1953 1102 2003; x_wconf 80' lang='lat' dir='ltr'>copulationes</span> <span class='ocrx_word' id='word_1_237' title='bbox 1116 1956 1157 1990; x_wconf 87' lang='lat' dir='ltr'>et</span> <span class='ocrx_word' id='word_1_238' title='bbox 1171 1953 1425 1990; x_wconf 80' lang='lat' dir='ltr'>adhaesiones</span> 
     </span>
     <span class='ocr_line' id='line_1_30' title="bbox 96 2014 1425 2064; baseline -0.004 -9"><span class='ocrx_word' id='word_1_239' title='bbox 96 2019 328 2055; x_wconf 65' lang='lat' dir='ltr'>amorum</span> <span class='ocrx_word' id='word_1_240' title='bbox 350 2016 458 2053; x_wconf 87' lang='lat' dir='ltr'>inter</span> <span class='ocrx_word' id='word_1_241' title='bbox 489 2027 542 2063; x_wconf 90' lang='lat' dir='ltr'>se,</span> <span class='ocrx_word' id='word_1_242' title='bbox 573 2027 622 2052; x_wconf 85' lang='lat' dir='ltr'>ex</span> <span class='ocrx_word' id='word_1_243' title='bbox 654 2027 732 2064; x_wconf 92' lang='lat' dir='ltr'>quo</span> <span class='ocrx_word' id='word_1_244' title='bbox 761 2015 981 2052; x_wconf 88' lang='lat' dir='ltr'>efficeretur</span> <span class='ocrx_word' id='word_1_245' title='bbox 1013 2014 1184 2051; x_wconf 77' lang='lat' dir='ltr'>mundus</span> <span class='ocrx_word' id='word_1_246' title='bbox 1215 2027 1425 2063; x_wconf 86' lang='lat' dir='ltr'>omnesque</span> 
     </span>
     <span class='ocr_line' id='line_1_31' title="bbox 94 2077 1422 2129; baseline -0.004 -12"><span class='ocrx_word' id='word_1_247' title='bbox 94 2082 229 2129; x_wconf 69' lang='lat' dir='ltr'>partes</span> <span class='ocrx_word' id='word_1_248' title='bbox 246 2077 398 2123; x_wconf 87' lang='lat' dir='ltr'>mundi,</span> <span class='ocrx_word' id='word_1_249' title='bbox 418 2089 600 2127; x_wconf 88' lang='lat' dir='ltr'>quaeque</span> <span class='ocrx_word' id='word_1_250' title='bbox 617 2077 660 2114; x_wconf 90' lang='lat' dir='ltr'>in</span> <span class='ocrx_word' id='word_1_251' title='bbox 679 2089 724 2115; x_wconf 90' lang='lat' dir='ltr'>eo</span> <span class='ocrx_word' id='word_1_252' title='bbox 742 2081 884 2114; x_wconf 76' lang='lat' dir='ltr'>essent.</span> <span class='ocrx_word' id='word_1_253' title='bbox 933 2077 1040 2122; x_wconf 83' lang='lat' dir='ltr'>Quae</span> <span class='ocrx_word' id='word_1_254' title='bbox 1055 2090 1140 2114; x_wconf 88' lang='lat' dir='ltr'>cum</span> <span class='ocrx_word' id='word_1_255' title='bbox 1159 2089 1219 2114; x_wconf 79' lang='lat' dir='ltr'>res</span> <span class='ocrx_word' id='word_1_256' title='bbox 1231 2081 1317 2113; x_wconf 88' lang='lat' dir='ltr'>tota</span> <span class='ocrx_word' id='word_1_257' title='bbox 1331 2077 1422 2113; x_wconf 86' lang='lat' dir='ltr'>ficta</span> 
     </span>
     <span class='ocr_line' id='line_1_32' title="bbox 97 2137 1422 2191; baseline -0.004 -12"><span class='ocrx_word' id='word_1_258' title='bbox 97 2139 152 2179; x_wconf 72' lang='lat' dir='ltr'>sit</span> <span class='ocrx_word' id='word_1_259' title='bbox 177 2140 397 2191; x_wconf 83' lang='lat' dir='ltr'>pueriliter,</span> <span class='ocrx_word' id='word_1_260' title='bbox 422 2143 512 2177; x_wconf 87' lang='lat' dir='ltr'>tum</span> <span class='ocrx_word' id='word_1_261' title='bbox 540 2151 590 2176; x_wconf 89' lang='lat' dir='ltr'>ne</span> <span class='ocrx_word' id='word_1_262' title='bbox 617 2138 736 2176; x_wconf 90' lang='lat' dir='ltr'>efficit</span> <span class='ocrx_word' id='word_1_263' title='bbox 763 2138 933 2188; x_wconf 87' lang='lat' dir='ltr'>quidem,</span> <span class='ocrx_word' id='word_1_264' title='bbox 951 2138 1066 2187; x_wconf 79' lang='lat' dir='ltr'>&#39;quod</span> <span class='ocrx_word' id='word_1_265' title='bbox 1085 2138 1192 2175; x_wconf 84' lang='lat' dir='ltr'>·vult.</span> <span class='ocrx_word' id='word_1_266' title='bbox 1248 2137 1355 2174; x_wconf 84' lang='lat' dir='ltr'>Nam</span> <span class='ocrx_word' id='word_1_267' title='bbox 1384 2142 1422 2174; x_wconf 85' lang='lat' dir='ltr'>et</span> 
     </span>
     <span class='ocr_line' id='line_1_33' title="bbox 94 2199 1424 2252; baseline -0.003 -12"><span class='ocrx_word' id='word_1_268' title='bbox 94 2201 182 2252; x_wconf 80' lang='lat' dir='ltr'>ipsa</span> <span class='ocrx_word' id='word_1_269' title='bbox 217 2201 428 2239; x_wconf 79' lang='lat' dir='ltr'>declinatio</span> <span class='ocrx_word' id='word_1_270' title='bbox 463 2200 515 2238; x_wconf 82' lang='lat' dir='ltr'>ad</span> <span class='ocrx_word' id='word_1_271' title='bbox 551 2199 754 2237; x_wconf 90' lang='lat' dir='ltr'>libidinem</span> <span class='ocrx_word' id='word_1_272' title='bbox 784 2200 952 2250; x_wconf 84' lang='lat' dir='ltr'>fingitur</span> <span class='ocrx_word' id='word_1_273' title='bbox 983 2199 1059 2250; x_wconf 87' lang='lat' dir='ltr'>(ait</span> <span class='ocrx_word' id='word_1_274' title='bbox 1090 2200 1195 2236; x_wconf 91' lang='lat' dir='ltr'>enim</span> <span class='ocrx_word' id='word_1_275' title='bbox 1227 2199 1424 2236; x_wconf 84' lang='lat' dir='ltr'>declinare</span> 
     </span>
     <span class='ocr_line' id='line_1_34' title="bbox 94 2260 1422 2310; baseline -0.004 -9"><span class='ocrx_word' id='word_1_276' title='bbox 94 2265 275 2301; x_wconf 69' lang='lat' dir='ltr'>atomum</span> <span class='ocrx_word' id='word_1_277' title='bbox 301 2264 386 2300; x_wconf 80' lang='lat' dir='ltr'>sine</span> <span class='ocrx_word' id='word_1_278' title='bbox 403 2274 546 2309; x_wconf 85' lang='lat' dir='ltr'>causa3</span> <span class='ocrx_word' id='word_1_279' title='bbox 576 2263 659 2310; x_wconf 67' lang='lat' dir='ltr'>quo*</span> <span class='ocrx_word' id='word_1_280' title='bbox 683 2261 784 2298; x_wconf 88' lang='lat' dir='ltr'>nihil</span> <span class='ocrx_word' id='word_1_281' title='bbox 812 2261 971 2310; x_wconf 89' lang='lat' dir='ltr'>turpius</span> <span class='ocrx_word' id='word_1_282' title='bbox 999 2260 1170 2310; x_wconf 82' lang='lat' dir='ltr'>physice,</span> <span class='ocrx_word' id='word_1_283' title='bbox 1191 2273 1310 2309; x_wconf 84' lang='lat' dir='ltr'>quam</span> <span class='ocrx_word' id='word_1_284' title='bbox 1338 2260 1422 2297; x_wconf 89' lang='lat' dir='ltr'>fieri</span> 
     </span>
     <span class='ocr_line' id='line_1_35' title="bbox 95 2321 1422 2374; baseline -0.002 -13"><span class='ocrx_word' id='word_1_285' title='bbox 95 2323 309 2374; x_wconf 82' lang='lat' dir='ltr'>quiequam</span> <span class='ocrx_word' id='word_1_286' title='bbox 342 2323 427 2361; x_wconf 87' lang='lat' dir='ltr'>sine</span> <span class='ocrx_word' id='word_1_287' title='bbox 458 2335 577 2360; x_wconf 84' lang='lat' dir='ltr'>causa</span> <span class='ocrx_word' id='word_1_288' title='bbox 610 2321 767 2373; x_wconf 90' lang='lat' dir='ltr'>dicere),</span> <span class='ocrx_word' id='word_1_289' title='bbox 798 2326 838 2360; x_wconf 87' lang='lat' dir='ltr'>et</span> <span class='ocrx_word' id='word_1_290' title='bbox 870 2321 984 2358; x_wconf 90' lang='lat' dir='ltr'>illum</span> <span class='ocrx_word' id='word_1_291' title='bbox 1013 2326 1163 2358; x_wconf 86' lang='lat' dir='ltr'>motum</span> <span class='ocrx_word' id='word_1_292' title='bbox 1198 2321 1422 2358; x_wconf 83' lang='lat' dir='ltr'>naturalem</span> 
     </span>
    </p>
   </div>
  </div>
 </body>
</html>
