1597 2568
560 143 674 168 xvni.
708 133 893 170 (il—xix.
927 134 987 170 63.
1382 138 1430 172 45

107 234 148 271 in
184 247 320 272 eorum
361 235 445 272 vita
481 235 590 271 uulla
627 239 687 272 est
724 237 976 286 intercapedo
1015 238 1224 274 molestiae.
1302 240 1431 288 Igitur

105 308 234 346 neque
261 297 475 334 stultorum
506 297 715 346 quisquam
750 297 887 334 beatus
926 311 1050 347 neque
1083 299 1317 349 sapientium
1355 313 1431 337 non

105 358 256 395 beatus.
315 358 524 408 Multoque
550 358 620 395 hoc
649 358 789 395 melius
818 373 887 395 nos
916 361 1123 409 veriusque
1151 374 1269 409 quam
1301 362 1445 415 suaet,

105 420 172 457 Illi
200 421 305 457 enim
335 425 485 470 negant
513 433 594 458 esse
622 421 769 457 bonum
810 422 1020 471 quicquam
1053 422 1126 459 nisi
1157 424 1284 459 nescio
1311 436 1430 471 quam

104 481 211 518 illam
244 482 440 527 umbram,
470 482 572 531 quod
610 482 815 531 appellant
847 482 1053 519 honestum
1086 497 1164 521 non
1197 488 1281 520 tam
1313 484 1433 521 solido

104 556 224 592 quam
240 542 440 593 splendido
460 543 616 579 nomine
628 556 637 587 ;
657 543 848 581 virtutem
869 549 1002 580 autem
1026 544 1159 581 nixam
1181 545 1251 582 hoc
1272 545 1432 582 honesto

103 604 255 642 nullam
285 605 484 654 requirere
512 605 757 654 voluptatem
787 610 906 655 atque
935 606 983 642 ad
1012 607 1127 644 beate
1155 607 1364 644 vivendum
1393 620 1433 644 se

102 666 188 715 ipsa
215 678 296 703 esse
324 670 564 704 contentam.
664 661 684 677 Ψ
744 697 750 702 .
1311 697 1327 711 κ

155 761 274 798 ΧΙΧ.
307 761 368 798 62.
399 761 475 798 Sed
495 766 658 811 possunt
673 761 769 799 haec
781 761 953 811 quadam
966 762 1119 799 ratione
1132 762 1206 799 dici
1226 775 1304 799 non
1320 762 1431 799 modo

101 835 180 860 non
199 823 524 873 repugnantibuS,
545 836 681 861 verum
701 824 821 860 etiam
850 825 1162 874 approbantibus
1191 825 1311 861 nobis.
1369 824 1431 861 Sic

99 884 203 921 enim
232 884 283 921 ab
314 883 485 933 Epicuro
510 885 666 934 sapiens
694 897 846 934 semper
875 885 1015 922 beatus
1040 886 1267 923 inducitur:
1298 886 1432 922 finitas

98 945 220 983 habet
239 945 488 995 cupiditates,
505 946 680 996 neglegit
699 950 881 992 mortem,
899 947 946 984 de
967 947 1025 983 dis
1044 947 1335 984 immortalibus
1349 947 1432 983 sine

98 1006 179 1044 ullo
198 1010 308 1044 metu
328 1019 420 1044 vera
438 1007 572 1054 sentit,
593 1020 672 1044 non
692 1007 864 1053 dubitat,
886 1008 918 1044 si
937 1008 995 1045 ita
1015 1008 1156 1045 melius
1177 1009 1239 1054 sit,
1260 1008 1431 1057 migrare

97 1068 146 1106 de
182 1068 276 1106 vita.
337 1069 413 1105 His
445 1069 562 1107 rebus
601 1069 818 1106 instructus
855 1082 1008 1119 semper
1044 1074 1104 1107 est
1141 1070 1182 1107 in
1213 1070 1429 1120 voluptate.

97 1130 238 1181 Neque
269 1120 386 1168 enim*
407 1134 564 1180 tempus
591 1134 652 1167 est
681 1131 818 1176 ullum,
846 1144 923 1180 quo
955 1144 1034 1168 non
1065 1131 1154 1181 plus
1180 1132 1429 1181 voluptatum

97 1192 243 1229 habeat
262 1205 381 1242 quam
409 1191 598 1229 dolorum.
655 1192 762 1229 Nam
792 1196 833 1229 et
861 1193 1080 1242 praeterita
1108 1197 1223 1243 grate
1251 1193 1432 1230 meminit

96 1257 138 1290 et
156 1254 431 1303 praesentibus
449 1243 507 1290 sta
527 1244 692 1303 potitur,
713 1258 759 1290 ut
779 1254 1087 1302 animadvertat,
1107 1258 1262 1305 quanta
1284 1255 1364 1291 sint
1383 1267 1431 1291 ea

96 1327 294 1365 quamque
325 1315 510 1365 iucunda,
538 1328 665 1364 neque
694 1315 839 1364 pendet
871 1328 919 1352 ex
951 1315 1112 1363 futuris,
1136 1317 1202 1353 sed
1230 1319 1432 1365 exspectat

96 1376 178 1424 illa,
202 1375 354 1414 fruitur
380 1377 656 1426 praesentibus
683 1377 734 1413 ab
763 1376 886 1425 iisque
914 1376 1031 1423 vitiis,
1059 1390 1162 1426 quae
1189 1377 1309 1426 paulo
1336 1380 1432 1414 ante

96 1437 245 1488 collegi,
264 1438 377 1475 abest
405 1437 622 1487 plurimum
651 1442 703 1483 et,
726 1450 815 1474 cum
843 1437 1059 1475 stultorum
1087 1439 1213 1476 vitam
1241 1451 1330 1475 cum
1359 1450 1431 1474 sua

97 1496 314 1549 com'parat,
334 1511 481 1549 magna
500 1499 672 1540 afficitur
699 1499 932 1548 voluptate3
962 1499 1112 1553 dolores
1139 1503 1273 1537 autem
1302 1499 1335 1536 si
1362 1499 1431 1548 qui

96 1561 321 1607 incurrunt,
335 1573 555 1609 numquam
575 1561 655 1597 vim
668 1564 826 1597 tantam
848 1559 1008 1605 habent,
1025 1564 1162 1598 utnon
1182 1561 1270 1611 plus
1284 1561 1431 1598 habeat

97 1622 265 1672 sapiens,
290 1622 394 1672 quod
422 1621 609 1672 gaudeat,
635 1634 754 1670 quam
784 1621 887 1671 quod
915 1626 1103 1671 angatur.
1180 1623 1241 1660 63.
1272 1622 1431 1672 Optime

96 1680 189 1721 vero
226 1683 432 1752 Epicurus,
465 1683 569 1732 quod
601 1683 784 1732 exiguam
819 1682 921 1719 dixit
953 1682 1157 1720 fortunam
1190 1683 1431 1721 intervenire

94 1745 279 1796 sapienti,
294 1743 567 1795 maximasque
586 1745 638 1782 ab
657 1757 702 1781 eo
721 1748 761 1781 et
779 1744 1032 1794 gravissimas
1051 1758 1112 1782 res
1132 1745 1320 1783 consilio
1309 1745 1431 1794 ipsius

94 1811 136 1844 et
181 1807 337 1844 ratione
382 1806 668 1852 administrari,
707 1818 834 1874 neque
871 1806 1058 1843 maiorem
1097 1807 1343 1856 voluptatem
1382 1819 1430 1843 ex

93 1868 252 1906 infinito
280 1868 473 1926 tempore
489 1867 634 1904 aetatis
667 1879 813 1917 perclpl
842 1880 963 1916 posse,
985 1880 1105 1917 quam
1134 1880 1183 1905 ex
1211 1868 1282 1905 hoc
1311 1867 1430 1918 perci-

93 1931 243 1981 piatur,
268 1929 372 1980 quod
405 1929 608 1966 videamus
640 1941 721 1966 esse
754 1929 924 1966 finitum
982 1930 1033 1966 In
1066 1929 1267 1968 dialectica
1294 1933 1430 1967 autem

93 1995 228 2035 vestra
247 1991 400 2029 nullam
420 1990 665 2028 existimavit
682 2002 764 2028 esse
785 2003 856 2027 nec
876 1989 927 2027 ad
950 1979 1091 2028 meli‘us
1118 1991 1333 2028 vivendum
1360 2003 1431 2028 nec

94 2054 145 2092 ad
181 2053 421 2092 commodius
458 2048 727 2090 disserendum
764 2053 857 2089 vim.
915 2052 966 2089 In
1003 2052 1177 2102 physicis
1214 2053 1430 2103 plurimum

93 2115 258 2166 posuit.
295 2115 356 2152 Ea
383 2114 549 2152 scientia
576 2112 629 2152 etx
646 2113 854 2151 verborum
884 2113 943 2150 vis
975 2118 1016 2151 et
1052 2118 1201 2152 natura
1237 2114 1429 2151 orationis

93 2180 136 2215 et
173 2173 496 2236 consequentium
533 2175 894 2225 iepugnantiumve
930 2175 1034 2212 ratio
1070 2179 1200 2225 potest
1236 2175 1428 2225 perspici·
1418 2203 1429 2219 ‚

94 2237 271 2276 omnium
290 2231 425 2274 autem
445 2249 578 2273 rerum
598 2240 747 2273 natura
767 2236 924 2285 cognita
938 2235 1120 2273 levamur
1134 2236 1427 2285 superstitione,

94 2299 311 2336 liberamur
329 2298 468 2335 mortis
487 2301 610 2344 metu,
625 2309 706 2334 non
720 2297 1029 2334 conturbamur
1019 2298 1266 2346 ignoratione
1280 2310 1428 2343 1e1um‚
