1617 2568
157 118 206 154 46
591 129 734 155 CICERO
762 129 813 154 DE
843 129 1004 154 F1N113us
1032 129 1058 153 1.

155 235 176 258 e
206 234 286 269 qua
316 222 400 270 ipsa
434 221 638 257 horribiles
670 222 866 257 exsistunt
895 233 1008 270 saepe
1038 220 1290 265 formidine&
1319 220 1487 268 denique

155 284 275 320 etiam
297 281 441 319 morati
462 282 601 318 melius
629 282 786 327 erimus,
817 295 905 319 cum
934 281 1195 326 didicerimus,
1217 280 1311 329 quid
1339 285 1487 317 natura

156 345 360 381 desideret.
417 345 517 381 Tum
556 357 659 389 vero,
689 345 720 380 si
757 344 938 381 stabilem
976 343 1178 380 scientiam
1217 355 1349 379 rerum
1381 345 1487 379 tene-

157 407 298 452 bimus,
318 410 477 442 servata
497 405 577 451 illa,
598 418 699 454 quae
711 405 823 454 quasi
844 405 1003 453 delapsa
1024 405 1071 441 (le
1090 405 1192 441 caelo
1212 408 1272 441 est
1291 404 1341 441 ad
1359 404 1487 453 cogni-

154 469 300 505 tionem
345 469 533 514 omnium‚
572 468 721 517 regula,
761 467 810 503 ad
847 481 965 516 quam
1004 467 1136 503 onmia
1174 466 1318 503 iudicia
1354 478 1487 503 rerum

157 530 400 579 derigentur,
421 542 639 578 numquam
665 529 783 565 ullius
813 528 991 565 oratione
1022 528 1116 565 victi
1147 528 1346 564 sententia
1373 527 1488 564 desis-

152 585 298 628 temus.
358 591 420 627 64.
451 591 540 627 Nisi
560 594 696 627 autem
716 602 850 626 rerum
880 594 1026 626 natura
1045 593 1248 639 perspecta
1267 590 1355 636 erit,
1379 589 1489 626 nullo

157 653 269 689 modo
291 652 505 701 poterimus
524 665 709 688 sensuum
726 652 871 688 iudicia
891 651 1110 688 defendere.
1168 651 1362 700 Quicquid
1374 664 1488 700 porro

155 715 289 751 animo
321 714 529 759 cernimus,
551 713 589 749 id
622 707 737 750 omne
770 713 898 749 oritur
926 726 950 748 a
979 714 1178 760 sensibus3
1207 713 1274 762 qui
1299 714 1332 749 si
1354 725 1490 750 omnes

156 776 239 812 veri
277 779 408 821 erunt,
447 779 493 811 ut
531 774 692 823 Epicuri
730 774 834 810 ratio
867 774 988 819 docet,
1022 778 1109 810 tum
1143 774 1312 823 denique
1341 774 1488 823 poterit

156 837 306 887 aliquid
325 836 501 886 cognosci
521 840 561 872 et
581 835 738 885 percipi.
797 835 902 880 Quos
922 836 990 883 qui
1010 836 1157 872 tollunt
1190 840 1230 872 et
1259 836 1360 872 nihil
1380 848 1489 885 posse

155 899 302 949 percipi
340 899 489 943 dicunt,
523 898 551 934 ii
589 894 748 933 remotis
786 897 963 933 sensibus
1000 902 1050 934 ne
1086 898 1125 934 id
1163 898 1291 946 ipsum
1328 897 1487 947 quidem

155 961 337 1010 expedire
357 962 533 1009 possunt,
553 947 663 1008 quod⁸
671 958 887 995 disserunt.
946 958 1160 995 Praeterea
1180 959 1339 996 sublata
1357 959 1485 1008 cogni-

154 1023 262 1059 tione
294 1025 335 1058 et
367 1022 532 1058 scientia
558 1021 713 1056 tollitur
740 1020 867 1056 omnis
892 1020 995 1056 ratio
1023 1024 1064 1056 et
1092 1020 1199 1058 vitae
1224 1021 1420 1070 degendae
1448 1024 1512 1074 ³¹³:

154 1097 287 1120 rerum
324 1082 599 1132 gerendarum.
661 1081 722 1118 Sic
759 1094 780 1117 e
818 1081 987 1130 physicis
1024 1085 1064 1118 et
1098 1082 1289 1119 fortitudo
1317 1083 1505 1119 sumitur*
1534 1079 1539 1083 ’

155 1148 294 1181 contra
313 1142 452 1180 mortis
470 1142 652 1178 timorem
674 1146 714 1178 et
734 1142 959 1178 constantia
971 1147 1110 1179 contra
1126 1147 1274 1180 metum
1292 1143 1490 1192 religionis

156 1210 196 1243 et
233 1205 384 1242 sedatio
421 1204 546 1241 animi
584 1204 762 1240 omnium
795 1199 927 1239 rerum
959 1204 1204 1240 occultarum
1242 1204 1490 1253 ignoratione

156 1268 315 1305 sublata
361 1270 401 1303 et
447 1266 664 1303 moderatio
710 1273 859 1302 natura
896 1265 1164 1315 cupiditatum
1202 1267 1489 1316 generibusque

155 1343 293 1367 earum
330 1328 545 1377 explicatis⁷
583 1332 635 1373 et,
675 1330 721 1363 ut
757 1326 870 1363 modo
906 1327 1030 1372 docui,
1073 1325 1307 1377 cognitionis
1351 1329 1489 1378 regula

156 1396 197 1429 et
225 1391 367 1427 iudicio
395 1390 446 1426 ab
473 1389 620 1426 eodem'
638 1389 703 1425 illo
732 1390 948 1425 constituto
977 1390 1059 1426 veri
1097 1403 1122 1426 a
1155 1389 1255 1426 falso
1289 1390 1489 1428 distinctio

155 1454 342 1491 traditur.

209 1550 305 1586 XX.
338 1548 397 1585 65.
429 1548 574 1584 Restat
589 1547 694 1583 locus
709 1547 800 1583 huic
815 1547 1075 1596 disputationi
1090 1548 1150 1584 vel
1171 1550 1342 1586 maxime
1360 1563 1487 1587 neces-

154 1612 283 1649 sarius
310 1611 356 1647 de
386 1609 573 1655 amicitia,
595 1622 727 1658 quam,
749 1609 781 1645 si
810 1609 994 1657 voluptas
1022 1623 1220 1647 summum
1246 1611 1295 1649 sit
1328 1612 1487 1658 bonum,

155 1673 364 1710 affirmatis
379 1672 531 1708 nullam
551 1671 710 1707 omnino
723 1671 817 1707 fore.
876 1671 937 1713 De
952 1683 1031 1719 qua
1048 1671 1241 1723 Epicurus
1259 1674 1416 1722 quidem
1432 1674 1490 1710 ita

158 1736 263 1781 dicit,
290 1734 466 1771 omnium
505 1746 650 1778 reruni,
679 1746 778 1781 quas
815 1732 866 1768 ad
903 1733 1017 1769 beate
1047 1733 1258 1780 vivendum
1296 1736 1490 1785 sapientia

157 1794 458 1846 comparaverit,
479 1794 579 1831 nihil
599 1807 680 1831 esse
708 1794 835 1830 maius
863 1794 1049 1840 amicitia,
1071 1795 1170 1831 nihil
1199 1797 1368 1844 uberius,
1389 1797 1490 1834 nihil

158 1858 376 1895 iucundius.
433 1857 518 1893 Nec
536 1869 629 1893 vero
655 1856 726 1892 hoc
755 1856 931 1892 oratione
959 1856 1096 1903 solum,
1117 1858 1182 1894 sed
1209 1859 1336 1896 multo
1362 1859 1489 1909 magis

156 1920 240 1956 vita
255 1923 296 1956 et
314 1918 430 1954 factis
449 1922 489 1954 et
502 1917 675 1953 moribus
693 1917 989 1965 comprobavit:
1033 1918 1145 1962 Quod
1157 1932 1277 1967 quam
1297 1933 1488 1970 magnum

160 1983 222 2028 sit,
243 1982 358 2017 fictae
378 1984 556 2016 veterum
577 1978 736 2015 fabulae
764 1978 978 2025 declarant,
998 1980 1040 2015 in
1070 1980 1211 2028 quibus
1238 1985 1323 2017 tam
1352 1982 1489 2019 multis

159 2048 321 2091 tamque
340 2041 461 2077 variis
479 2041 530 2076 ab
550 2040 692 2076 ultima
711 2040 954 2088 antiquitate
981 2042 1159 2089 repetitis
1187 2042 1268 2079 tria
1298 2043 1365 2079 vix
1393 2045 1489 2080 ami-

159 2117 292 2141 coram
312 2102 425 2152 paria
439 2102 704 2150 reperiuntur,
726 2104 772 2136 ut
791 2100 842 2136 ad
862 2100 1039 2138 Orestem
1066 2103 1271 2150 pervenias
1289 2104 1488 2153 profectus

894 2146 1020 2158 q-

159 2180 183 2202 a
216 2166 373 2202 Theseo.
430 2163 488 2199 At
520 2175 612 2199 vero
642 2162 835 2211 Epicurus
863 2175 944 2198 una
971 2163 1013 2199 in
1042 2163 1166 2210 domo,
1187 2168 1227 2201 et
1254 2177 1301 2202 ea
1329 2166 1487 2214 quidem

228 2208 358 2220 ..—

159 2230 345 2277 angusta,
365 2238 485 2274 quam
504 2237 667 2273 magnos
684 2228 914 2274 quantaque
932 2226 1077 2262 amoris
1091 2227 1379 2275 conspiratione
1397 2241 1487 2265 con-

160 2289 376 2327 sentientes
394 2286 526 2323 tenuit
556 2285 771 2322 amicorum
800 2289 962 2336 greges!
1018 2288 1130 2332 Quod
1157 2288 1204 2325 fit
1231 2289 1354 2326 etiam
1381 2303 1488 2328 nunc
