1597 2568
624 157 709 183 v111.
743 147 899 184 29—1x.
933 151 991 185 30,
1423 154 1471 190 33

146 248 322 297 percurri
357 260 511 285 omnem
562 248 720 298 Epicuri
760 249 1006 298 disciplinam
1046 251 1185 300 placet,
1216 266 1266 288 an
1305 254 1351 290 dc
1391 269 1469 291 una

144 308 351 358 voluptate
369 310 519 359 quaeri,
539 309 586 346 de
605 323 682 358 qua
704 323 819 347 omne
847 316 1047 348 certamen
1068 315 1155 349 est?
1210 314 1292 349 Tuo
1318 328 1408 352 vero
1430 316 1466 352 id

143 370 313 420 quidem,
350 370 523 420 inquam,
562 371 775 409 arbitratu.
851 372 912 408 Sic
951 373 1092 409 faciam
1142 375 1274 423 igitur,
1315 377 1466 425 inquit:

143 444 265 469 unam
291 444 373 469 rem
401 431 615 481 explicabo,
645 445 809 482 eamque
838 433 1064 480 maximam,
1084 434 1131 471 dc
1159 435 1327 485 physicis
1355 438 1463 485 alias,

140 498 182 531 et
199 486 356 543 quidem
376 493 448 530 tibi
474 498 514 530 et
536 493 838 531 declinationem
869 496 985 532 istam
1007 500 1224 534 atomorum
1246 503 1286 535 ct
1315 501 1463 549 magui-

140 555 320 593 tudinem
357 554 447 592 solis
482 555 655 604 probabo
691 560 732 592 et
781 556 996 593 Democriti
1034 563 1166 594 errata
1203 560 1253 595 ab
1296 561 1464 610 Epicuro

140 616 375 668 reprehensa
397 620 437 654 et
465 622 638 654 correcta
667 618 877 666 permulta.
949 619 1067 655 Nunc
1099 619 1224 657 dicam
1253 621 1299 658 de
1332 622 1463 672 volup-

139 683 236 726 tate,
255 678 354 716 nihil
372 678 519 715 seilicet
538 679 641 723 novi,
655 691 701 715 ea
720 683 868 725 tamen,
885 692 986 728 quae
999 684 1038 717 te
1058 681 1185 729 ipsum
1202 684 1460 731 probaturum

137 752 218 778 esse
241 739 445 777 confidam.
517 739 644 786 Certe,
672 739 846 789 inquam,
878 742 1062 790 pertinax
1092 755 1169 780 non
1203 756 1268 780 ero
1296 745 1459 795 tibique,

135 802 168 839 si
197 801 295 838 mihi
325 801 510 850 probabis
542 813 600 847 ea,
635 814 736 850 quae
769 802 883 849 dices,
920 802 1087 840 libenter
1122 805 1326 843 assentiar.
1396 808 1456 844 29.

136 863 327 909 Probabo,
364 863 508 912 inquit,
544 863 656 900 modo
693 863 770 900 ista
801 864 853 901 sis
880 865 1096 914 aequitate,
1125 880 1245 916 quam
1275 869 1457 906 ostendis.

135 925 210 963 Sed
247 925 307 962 uti
353 925 530 962 oratione
567 929 757 975 perpetua
798 926 901 963 malo
938 940 1057 975 quam
1105 928 1349 979 interrogare
1386 936 1458 968 aut

133 986 382 1036 interrogari.
439 987 501 1024 Ut
528 987 670 1036 placet,
691 988 865 1037 inquam.
923 988 1023 1025 Tum
1049 989 1175 1026 dicere
1202 1003 1361 1028 exorsus
1387 997 1456 1030 est.

184 1090 262 1128 IX.
319 1090 498 1127 Primum
530 1091 666 1140 igitur,
698 1091 842 1140 inquit,
871 1093 924 1128 sie
957 1105 1087 1141 agam,
1122 1097 1168 1130 ut
1200 1093 1272 1144 ipsi
1306 1097 1457 1133 auctori

130 1152 249 1190 huius
275 1152 500 1201 disciplinae
528 1152 680 1201 placet:
709 1154 962 1199 cOnstituam,
992 1154 1087 1202 quid
1114 1158 1155 1191 et
1182 1156 1299 1205 quale
1326 1158 1378 1194 sit
1405 1158 1456 1203 id,

130 1215 177 1252 de
208 1227 286 1264 quo
317 1214 556 1262 quaerimus,
584 1207 664 1250 non
694 1227 770 1263 quo
801 1215 981 1263 ignorare
1014 1228 1081 1252 vos
1112 1217 1293 1263 arbitrer,
1313 1219 1379 1255 sed
1412 1223 1458 1256 ut

129 1275 284 1313 ratione
302 1278 344 1311 et
370 1272 436 1311 via
464 1275 650 1324 procedat
680 1275 817 1313 oratio.
875 1276 1110 1320 Quaerimus
1137 1278 1272 1327 igitur,
1292 1280 1385 1329 quid
1404 1281 1456 1318 sit

127 1341 349 1375 extremum
386 1340 426 1373 et
462 1336 649 1372 ultimum
686 1337 902 1383 bonorum3
942 1338 1044 1386 quod
1080 1339 1255 1376 omnium
1292 1341 1456 1390 philoso-

127 1399 296 1450 phorum
328 1398 527 1436 sententia
559 1397 641 1434 tale
672 1397 788 1434 debet
820 1411 912 1445 esse,
933 1402 979 1435 ut
1008 1399 1058 1436 ad
1088 1400 1127 1436 id
1154 1402 1287 1438 omnia
1315 1402 1455 1440 referri

126 1463 319 1511 oporteat,
338 1460 465 1508 ipsiun
493 1463 626 1495 autem
655 1471 863 1508 nusquam.
921 1459 1008 1497 Hoc
1037 1461 1233 1510 Epicurus
1260 1463 1302 1499 in
1321 1464 1454 1514 volup-

125 1526 212 1559 tate
239 1521 364 1571 ponit,
395 1520 497 1569 quod
526 1532 722 1556 summum
755 1520 901 1557 bonum
934 1528 1015 1558 esse
1047 1522 1146 1570 vult,
1179 1536 1454 1575 summumque

124 1583 274 1620 malum
289 1581 472 1628 dolorem,
488 1580 604 1630 idque
616 1581 793 1618 instituit
807 1581 941 1619 docere
955 1582 1008 1618 sic
1026 1597 1033 1620 :
1065 1583 1125 1620 30.
1151 1584 1278 1622 Omne
1292 1586 1451 1634 animal,

123 1644 240 1682 simul
259 1647 378 1694 atque
397 1634 556 1680 natum‘'
567 1643 630 1689 sit,
651 1642 896 1692 voluptatem
924 1648 1110 1693 appetere
1138 1657 1260 1695 eaque
1278 1647 1451 1696 gaudere

122 1710 170 1744 ut
187 1717 340 1744 summo
366 1704 480 1751 bono,
498 1704 667 1741 dolorem
696 1705 899 1754 aspernari
929 1709 975 1742 ut
1002 1718 1199 1744 summum
1227 1708 1377 1746 malum
1396 1714 1449 1756 et,

121 1772 320 1819 quantum
351 1767 485 1836 possit,
515 1779 540 1803 a
571 1778 612 1803 se
644 1766 842 1834 repellere,
874 1766 992 1816 idque
1021 1767 1150 1805 facere
1182 1769 1356 1807 nondum
1386 1770 1447 1808 de-

119 1835 344 1881 pravatum,
363 1841 448 1878 1psa
476 1832 624 1865 natura
651 1824 781 1865 incon
782 1832 878 1877 upte
905 1833 1026 1878 atque
1054 1829 1208 1880 integre
1234 1831 1445 1870 iudicante.

119 1890 266 1942 Itaque
293 1894 416 1940 negat
443 1902 541 1939 opus
572 1901 654 1926 esse
685 1889 840 1926 ratione
867 1901 994 1939 neque
1021 1889 1297 1940 disputatione,
1326 1906 1445 1942 quam

117 1953 282 1992 obrem
315 1951 499 2001 voluptas
530 1951 762 2000 expetenda,
782 1950 993 2000 fugiendus
1027 1952 1135 1989 dolor
1167 1954 1229 1991 sit.
1298 1954 1445 1993 Sentiri

117 2014 214 2052 haec
230 2016 363 2064 putat,
383 2017 431 2050 ut
457 2012 584 2049 calere
610 2012 756 2062 ignem,
777 2012 908 2049 nivem
937 2025 1019 2050 esse
1047 2013 1191 2060 albam,
1213 2016 1287 2052 mel
1308 2016 1443 2063 dulce;

116 2088 285 2126 quorum
329 2073 432 2112 nihil
467 2078 649 2124 oportere
695 2074 902 2123 exquisitis
938 2075 1159 2112 rationibus
1195 2078 1439 2124 confirmare,

114 2141 277 2176 tantum
307 2136 405 2174 satis
436 2148 518 2174 esse
549 2135 769 2173 admonere.
837 2135 1032 2173 Interesse
1059 2137 1165 2174 enim
1190 2139 1296 2176 inter
1327 2152 1442 2188 argu-

53 2223 59 2230 ·
113 2200 293 2235 mentum
310 2195 674 2244 conclusionemque
693 2194 858 2232 rationis
876 2198 917 2232 et
943 2196 1049 2233 inter
1066 2197 1296 2235 mediocrem
1316 2199 1439 2235 anim-

113 2258 382 2296 adversionem
409 2261 531 2306 atque
558 2256 891 2303 admonitionem3
919 2257 1046 2295 altera
1074 2257 1225 2295 occulta
1244 2260 1436 2308 quaedam

114 2323 155 2357 et
173 2319 287 2369 quasi
304 2318 486 2356 involuta.
511 2318 668 2367 aperiri,
689 2317 816 2354 altera
844 2311 1026 2367 prompta
1045 2322 1085 2355 et
1104 2325 1243 2368 aperta
1263 2321 1435 2358 iudicari.

180 2395 235 2422 ιϊε.
247 2395 279 2421 de
290 2394 356 2420 Fan.
367 2393 397 2420 Ι.
1256 2390 1278 2426 3
