1617 2568
135 135 183 170 34
566 145 707 171 CICERO
739 146 788 171 DE
821 146 981 172 FINIBL'S
1011 148 1036 172 I.

134 237 291 273 Etenim
313 238 499 286 quoniam
529 238 717 274 detractis
746 239 792 274 (le
822 238 978 274 homine
1007 239 1183 274 sensibus
1203 237 1344 285 reliqui
1365 237 1464 274 nihil

132 304 203 344 est,
236 312 388 335 necesse
418 303 490 344 est,
524 300 618 348 quid
652 304 725 336 aut
767 301 817 336 ad
851 305 1033 337 naturam
1069 306 1139 336 aut
1173 303 1311 336 contra
1343 299 1406 344 sit,
1441 313 1464 335 a

132 364 280 396 natura
313 361 396 409 ipsa
426 360 601 397 iudicari.
661 362 721 397 Ea
751 362 843 410 quid
879 362 1044 411 percipit
1078 367 1150 398 aut
1180 361 1274 410 quid
1303 361 1464 405 iudicat,

132 435 210 470 quo
241 426 314 458 aut
346 426 458 472 petat
491 427 562 459 aut
595 424 724 471 fugiat
758 425 918 473 aliquid,
950 428 1108 473 praeter
1142 424 1386 471 voluptatem
1425 430 1464 459 et

132 484 332 521 dolorem?
379 485 440 521 31.
472 484 574 520 Sunt
594 490 724 521 autem
748 486 906 534 quidam
926 500 946 522 e
967 486 1120 531 nosti-is,
1141 485 1208 534 qui
1229 485 1325 521 haec
1345 484 1466 521 subti-

92 565 95 567 -
132 545 208 581 lius
227 545 351 582 velint
371 545 528 582 tradere
555 550 596 582 01,
625 550 771 594 negent
799 548 895 583 satis
923 560 1014 591 esse,
1036 547 1129 596 quid
1159 548 1304 583 bonum
1323 546 1376 582 sit
1395 549 1467 581 aut

133 606 224 655 quid
256 607 415 653 malum,
447 620 562 643 sensu
603 607 779 653 iudicari,
815 608 880 644 sed
919 608 1051 644 animo
1084 609 1204 645 etiam
1238 621 1283 644 ac
1313 607 1467 643 ratione

133 668 309 717 intellegi
330 682 438 717 posse
467 673 506 705 et
535 669 781 718 voluptatem
811 670 936 719 ipsam
958 683 1027 718 per
1047 684 1085 706 se
1105 683 1186 706 esse
1206 668 1464 718 expetendam

133 733 173 765 et
205 730 376 766 dolorem
409 730 538 779 ipsum
569 743 638 780 per
670 744 710 768 se
742 744 823 768 esse
857 731 1101 780 fugiendum.
1178 731 1322 780 Itaque
1350 730 1465 766 aiunt

133 791 236 828 hanc
255 793 365 840 quasi
386 793 611 844 naturalem
631 797 752 842 atque
768 793 929 829 insitam
949 793 991 829 in
1013 793 1156 829 animis
1177 793 1322 829 nostris
1341 793 1466 828 inesse

134 854 346 900 notionem,
367 858 413 890 ut
441 854 612 890 alterum
641 867 723 891 esse
751 855 1030 904 appetendum,
1053 855 1223 891 alterum
1253 867 1465 903 aspernan-

133 914 225 950 dum
256 915 482 953 sentiamus.
541 915 625 951 Alii
653 920 801 961 autem,
823 916 967 964 quibus
996 930 1066 964 ego
1095 917 1303 962 assentior,
1325 929 1413 952 cum
1442 928 1465 951 a

133 976 371 1025 philosophis
390 977 656 1026 compluribus
674 978 874 1027 permulta
894 977 1089 1023 dicantur,
1103 991 1173 1014 cur
1193 991 1264 1014 nec
1283 977 1466 1026 voluptas

132 1039 305 1075 inbonis
323 1039 374 1075 sit
403 1040 649 1075 numeranda
677 1053 746 1076 nec
775 1041 817 1076 in
845 1039 960 1075 malis
987 1039 1106 1085 dolor,
1127 1053 1205 1076 11011
1234 1039 1465 1076 existimant

131 1104 311 1149 oportere
348 1101 513 1137 nimium
553 1114 622 1137 nos
659 1114 800 1138 causae
837 1101 1040 1146 confidere,
1079 1101 1143 1138 sed
1181 1106 1220 1138 et
1257 1113 1464 1150 argumen-

131 1162 298 1198 tandum
332 1168 372 1199 et
405 1166 588 1199 accurate
622 1163 887 1199 disserendum
923 1167 962 1199 et
990 1163 1211 1199 rationibus
1236 1161 1466 1211 conquisitis

131 1224 178 1260 de
207 1225 411 1273 voluptate
440 1229 480 1261 et
509 1225 640 1261 dolore
668 1225 954 1273 disputandum
983 1229 1143 1273 putant.

185 1318 238 1354 X.
292 1319 352 1355 32.
384 1319 459 1355 Sed
485 1323 531 1355 ut
559 1319 815 1367 perspiciatis,
837 1319 940 1355 unde
959 1319 1086 1355 omnis
1114 1319 1187 1355 iste
1216 1321 1338 1355 natus
1356 1331 1465 1354 error

132 1380 185 1416 sit
204 1380 449 1429 voluptatem
477 1381 750 1416 accusantium
779 1379 1030 1428 doloremque
1051 1380 1316 1426 laudantium,
1336 1382 1465 1416 totam

129 1455 212 1478 rem
245 1442 421 1491 aperiam
451 1454 573 1490 eaque
606 1442 702 1491 ipsa,
737 1454 837 1490 quae
867 1442 919 1478 ab
948 1442 1016 1478 1110
1045 1441 1252 1478 inventore
1284 1440 1466 1478 veritatis

130 1507 170 1540 et
189 1504 300 1552 quasi
321 1503 538 1540 architecto
559 1504 695 1539 beatae
715 1503 821 1540 vitae
837 1503 940 1539 dieta
959 1508 1064 1549 sunt,
1081 1502 1294 1552 explicabo.
1337 1502 1466 1538 Nemo

131 1565 235 1602 enim
265 1566 390 1615 ipsam
424 1566 682 1614 voluptatem,
704 1565 799 1614 quia
833 1566 1016 1614 voluptas
1044 1565 1108 1611 sit,
1120 1555 1367 1614 'aspernatur
1393 1568 1464 1600 aut

130 1627 213 1663 odit
232 1631 304 1663 aut
324 1627 440 1675 fugit„
461 1627 526 1663 sed
546 1627 639 1675 quia
658 1631 955 1675 consequuntur
975 1627 1111 1676 magni
1132 1627 1283 1663 dolores
1301 1639 1377 1672 eos,
1396 1625 1465 1675 qui

130 1688 284 1725 ratione
304 1689 548 1737 voluptatem
577 1689 687 1736 sequi
715 1689 897 1725 nesciunt
911 1702 921 1734 3
952 1701 1080 1737 neque
1107 1701 1227 1737 porro
1255 1687 1464 1736 quisquam

130 1754 200 1794 est,
231 1750 299 1799 qui
329 1750 498 1786 dolorem
532 1750 673 1798 ipsum,
703 1750 796 1798 quia
830 1749 939 1786 dolor
971 1750 1033 1796 sit,
1064 1753 1184 1796 amet,
1204 1751 1464 1794 consectetur,

131 1811 291 1860 adipisci
320 1811 427 1857 velit,
461 1811 527 1848 sed
555 1811 648 1859 quia
677 1824 755 1847 non
784 1824 1004 1859 numquam
1033 1811 1116 1847 eius
1151 1810 1258 1847 modi
1284 1815 1464 1859 tempora

130 1873 322 1919 incidunt,
362 1876 408 1908 ut
445 1867 578 1909 labore
615 1875 656 1908 et
695 1872 825 1908 dolore
863 1885 1051 1921 magnam
1088 1872 1263 1920 aliquam
1300 1873 1465 1920 quaerat

131 1929 390 1984 voluptatem.
448 1934 509 1971 Ut
540 1934 646 1970 enim
677 1933 725 1969 ad
760 1934 927 1969 minima
962 1934 1146 1979 veniam„
1164 1932 1251 1981 quis
1284 1935 1464 1968 nostrum

131 1995 450 2033 exercitationem
485 1995 608 2031 ullam
641 1996 812 2043 corporis
841 1994 1003 2043 suscipit
1035 1994 1280 2039 laboriosam,
1315 1992 1389 2030 nisi
1419 1996 1466 2028 ut

130 2057 280 2106 aliquid
312 2069 360 2093 ex
388 2070 434 2093 ea
463 2055 653 2092 commodi
683 2058 974 2105 consequatur?
1004 2056 1092 2104 quis
1120 2059 1255 2092 autem
1284 2055 1346 2092 vel
1373 2067 1465 2091 eum

130 2119 214 2155 iure
251 2118 560 2167 reprehenderit,
590 2117 659 2166 qui
695 2119 738 2153 in
774 2130 820 2154 ea
856 2117 1062 2166 voluptate
1098 2117 1193 2153 velit
1221 2129 1313 2163 esse,
1342 2129 1463 2165 quam

131 2180 230 2216 nihil
269 2180 469 2216 molestiae
505 2182 780 2228 consequatur,
812 2178 872 2215 vel
909 2179 1034 2234 illum,
1065 2178 1135 2227 qui
1171 2177 1341 2215 dolorem
1373 2190 1464 2215 eum

131 2241 274 2290 fugiat,
308 2254 384 2289 quo
417 2241 599 2289 voluptas
631 2239 742 2276 11111111
775 2239 984 2288 pariatur?
1025 2240 1086 2276 33.
1115 2239 1176 2276 At
1207 2252 1300 2276 vero
1329 2252 1393 2276 eos
1424 2243 1466 2276 et

130 2315 360 2339 accusamus
378 2306 420 2338 et
446 2302 550 2338 iusto
576 2301 663 2338 odio
690 2301 936 2351 dignissimos
963 2293 1152 2348 ducimus,
1174 2301 1243 2350 qui
1261 2300 1466 2362 blanditiis
